date,warehouse,item,sales
1/1/2018,1,7,25
1/2/2018,1,7,23
1/3/2018,1,7,34
1/4/2018,1,7,36
1/5/2018,1,7,38
1/6/2018,1,7,32
1/7/2018,1,7,14
1/8/2018,1,7,31
1/9/2018,1,7,32
1/10/2018,1,7,32
1/11/2018,1,7,28
1/12/2018,1,7,35
1/13/2018,1,7,44
1/14/2018,1,7,17
1/15/2018,1,7,34
1/16/2018,1,7,35
1/17/2018,1,7,32
1/18/2018,1,7,34
1/19/2018,1,7,34
1/20/2018,1,7,42
1/21/2018,1,7,15
1/22/2018,1,7,21
1/23/2018,1,7,24
1/24/2018,1,7,30
1/25/2018,1,7,30
1/26/2018,1,7,38
1/27/2018,1,7,34
1/28/2018,1,7,23
1/29/2018,1,7,28
1/30/2018,1,7,25
1/31/2018,1,7,31
2/1/2018,1,7,38
2/2/2018,1,7,42
2/3/2018,1,7,28
2/4/2018,1,7,33
2/5/2018,1,7,21
2/6/2018,1,7,38
2/7/2018,1,7,43
2/8/2018,1,7,40
2/9/2018,1,7,41
2/10/2018,1,7,36
2/11/2018,1,7,31
2/12/2018,1,7,22
2/13/2018,1,7,27
2/14/2018,1,7,29
2/15/2018,1,7,30
2/16/2018,1,7,52
2/17/2018,1,7,47
2/18/2018,1,7,34
2/19/2018,1,7,30
2/20/2018,1,7,27
2/21/2018,1,7,29
2/22/2018,1,7,31
2/23/2018,1,7,43
2/24/2018,1,7,38
2/25/2018,1,7,29
2/26/2018,1,7,27
2/27/2018,1,7,27
2/28/2018,1,7,28
3/1/2018,1,7,43
3/2/2018,1,7,49
3/3/2018,1,7,41
3/4/2018,1,7,33
3/5/2018,1,7,33
3/6/2018,1,7,48
3/7/2018,1,7,40
3/8/2018,1,7,42
3/9/2018,1,7,51
3/10/2018,1,7,41
3/11/2018,1,7,41
3/12/2018,1,7,39
3/13/2018,1,7,43
3/14/2018,1,7,32
3/15/2018,1,7,49
3/16/2018,1,7,52
3/17/2018,1,7,50
3/18/2018,1,7,29
3/19/2018,1,7,43
3/20/2018,1,7,21
3/21/2018,1,7,38
3/22/2018,1,7,37
3/23/2018,1,7,46
3/24/2018,1,7,38
3/25/2018,1,7,32
3/26/2018,1,7,41
3/27/2018,1,7,41
3/28/2018,1,7,45
3/29/2018,1,7,44
3/30/2018,1,7,53
3/31/2018,1,7,56
4/1/2018,1,7,35
4/2/2018,1,7,47
4/3/2018,1,7,53
4/4/2018,1,7,46
4/5/2018,1,7,43
4/6/2018,1,7,64
4/7/2018,1,7,45
4/8/2018,1,7,40
4/9/2018,1,7,32
4/10/2018,1,7,47
4/11/2018,1,7,50
4/12/2018,1,7,38
4/13/2018,1,7,59
4/14/2018,1,7,55
4/15/2018,1,7,39
4/16/2018,1,7,42
4/17/2018,1,7,40
4/18/2018,1,7,43
4/19/2018,1,7,39
4/20/2018,1,7,64
4/21/2018,1,7,55
4/22/2018,1,7,42
4/23/2018,1,7,36
4/24/2018,1,7,55
4/25/2018,1,7,49
4/26/2018,1,7,44
4/27/2018,1,7,42
4/28/2018,1,7,46
4/29/2018,1,7,56
4/30/2018,1,7,40
5/1/2018,1,7,46
5/2/2018,1,7,53
5/3/2018,1,7,51
5/4/2018,1,7,54
5/5/2018,1,7,57
5/6/2018,1,7,51
5/7/2018,1,7,60
5/8/2018,1,7,50
5/9/2018,1,7,37
5/10/2018,1,7,51
5/11/2018,1,7,60
5/12/2018,1,7,60
5/13/2018,1,7,47
5/14/2018,1,7,44
5/15/2018,1,7,62
5/16/2018,1,7,54
5/17/2018,1,7,61
5/18/2018,1,7,58
5/19/2018,1,7,62
5/20/2018,1,7,48
5/21/2018,1,7,41
5/22/2018,1,7,46
5/23/2018,1,7,48
5/24/2018,1,7,57
5/25/2018,1,7,59
5/26/2018,1,7,68
5/27/2018,1,7,34
5/28/2018,1,7,56
5/29/2018,1,7,49
5/30/2018,1,7,49
5/31/2018,1,7,53
6/1/2018,1,7,64
6/2/2018,1,7,52
6/3/2018,1,7,39
6/4/2018,1,7,47
6/5/2018,1,7,37
6/6/2018,1,7,62
6/7/2018,1,7,40
6/8/2018,1,7,62
6/9/2018,1,7,68
6/10/2018,1,7,53
6/11/2018,1,7,47
6/12/2018,1,7,49
6/13/2018,1,7,41
6/14/2018,1,7,60
6/15/2018,1,7,61
6/16/2018,1,7,58
6/17/2018,1,7,34
6/18/2018,1,7,53
6/19/2018,1,7,52
6/20/2018,1,7,47
6/21/2018,1,7,58
6/22/2018,1,7,58
6/23/2018,1,7,79
6/24/2018,1,7,33
6/25/2018,1,7,44
6/26/2018,1,7,40
6/27/2018,1,7,52
6/28/2018,1,7,62
6/29/2018,1,7,56
6/30/2018,1,7,65
7/1/2018,1,7,40
7/2/2018,1,7,53
7/3/2018,1,7,44
7/4/2018,1,7,58
7/5/2018,1,7,56
7/6/2018,1,7,58
7/7/2018,1,7,73
7/8/2018,1,7,49
7/9/2018,1,7,55
7/10/2018,1,7,52
7/11/2018,1,7,59
7/12/2018,1,7,66
7/13/2018,1,7,53
7/14/2018,1,7,63
7/15/2018,1,7,36
7/16/2018,1,7,71
7/17/2018,1,7,44
7/18/2018,1,7,64
7/19/2018,1,7,58
7/20/2018,1,7,55
7/21/2018,1,7,64
7/22/2018,1,7,45
7/23/2018,1,7,43
7/24/2018,1,7,55
7/25/2018,1,7,64
7/26/2018,1,7,51
7/27/2018,1,7,54
7/28/2018,1,7,69
7/29/2018,1,7,37
7/30/2018,1,7,53
7/31/2018,1,7,67
8/1/2018,1,7,54
8/2/2018,1,7,69
8/3/2018,1,7,62
8/4/2018,1,7,60
8/5/2018,1,7,38
8/6/2018,1,7,48
8/7/2018,1,7,46
8/8/2018,1,7,51
8/9/2018,1,7,56
8/10/2018,1,7,43
8/11/2018,1,7,59
8/12/2018,1,7,39
8/13/2018,1,7,52
8/14/2018,1,7,47
8/15/2018,1,7,52
8/16/2018,1,7,46
8/17/2018,1,7,63
8/18/2018,1,7,54
8/19/2018,1,7,38
8/20/2018,1,7,47
8/21/2018,1,7,55
8/22/2018,1,7,45
8/23/2018,1,7,53
8/24/2018,1,7,59
8/25/2018,1,7,56
8/26/2018,1,7,48
8/27/2018,1,7,46
8/28/2018,1,7,37
8/29/2018,1,7,50
8/30/2018,1,7,46
8/31/2018,1,7,43
9/1/2018,1,7,70
9/2/2018,1,7,47
9/3/2018,1,7,30
9/4/2018,1,7,39
9/5/2018,1,7,45
9/6/2018,1,7,48
9/7/2018,1,7,48
9/8/2018,1,7,56
9/9/2018,1,7,42
9/10/2018,1,7,39
9/11/2018,1,7,48
9/12/2018,1,7,38
9/13/2018,1,7,51
9/14/2018,1,7,56
9/15/2018,1,7,59
9/16/2018,1,7,33
9/17/2018,1,7,33
9/18/2018,1,7,38
9/19/2018,1,7,36
9/20/2018,1,7,40
9/21/2018,1,7,61
9/22/2018,1,7,65
9/23/2018,1,7,44
9/24/2018,1,7,46
9/25/2018,1,7,48
9/26/2018,1,7,46
9/27/2018,1,7,48
9/28/2018,1,7,58
9/29/2018,1,7,61
9/30/2018,1,7,43
10/1/2018,1,7,42
10/2/2018,1,7,43
10/3/2018,1,7,48
10/4/2018,1,7,55
10/5/2018,1,7,45
10/6/2018,1,7,70
10/7/2018,1,7,22
10/8/2018,1,7,34
10/9/2018,1,7,45
10/10/2018,1,7,47
10/11/2018,1,7,55
10/12/2018,1,7,51
10/13/2018,1,7,61
10/14/2018,1,7,42
10/15/2018,1,7,30
10/16/2018,1,7,30
10/17/2018,1,7,48
10/18/2018,1,7,54
10/19/2018,1,7,56
10/20/2018,1,7,49
10/21/2018,1,7,30
10/22/2018,1,7,50
10/23/2018,1,7,41
10/24/2018,1,7,41
10/25/2018,1,7,48
10/26/2018,1,7,53
10/27/2018,1,7,53
10/28/2018,1,7,41
10/29/2018,1,7,29
10/30/2018,1,7,45
10/31/2018,1,7,43
11/1/2018,1,7,57
11/2/2018,1,7,60
11/3/2018,1,7,57
11/4/2018,1,7,39
11/5/2018,1,7,42
11/6/2018,1,7,54
11/7/2018,1,7,55
11/8/2018,1,7,51
11/9/2018,1,7,49
11/10/2018,1,7,63
11/11/2018,1,7,27
11/12/2018,1,7,36
11/13/2018,1,7,50
11/14/2018,1,7,58
11/15/2018,1,7,52
11/16/2018,1,7,47
11/17/2018,1,7,57
11/18/2018,1,7,29
11/19/2018,1,7,38
11/20/2018,1,7,44
11/21/2018,1,7,50
11/22/2018,1,7,51
11/23/2018,1,7,54
11/24/2018,1,7,42
11/25/2018,1,7,23
11/26/2018,1,7,45
11/27/2018,1,7,41
11/28/2018,1,7,40
11/29/2018,1,7,55
11/30/2018,1,7,56
12/1/2018,1,7,38
12/2/2018,1,7,25
12/3/2018,1,7,27
12/4/2018,1,7,40
12/5/2018,1,7,40
12/6/2018,1,7,39
12/7/2018,1,7,42
12/8/2018,1,7,40
12/9/2018,1,7,23
12/10/2018,1,7,41
12/11/2018,1,7,24
12/12/2018,1,7,30
12/13/2018,1,7,49
12/14/2018,1,7,33
12/15/2018,1,7,39
12/16/2018,1,7,23
12/17/2018,1,7,32
12/18/2018,1,7,22
12/19/2018,1,7,36
12/20/2018,1,7,37
12/21/2018,1,7,38
12/22/2018,1,7,47
12/23/2018,1,7,14
12/24/2018,1,7,34
12/25/2018,1,7,35
12/26/2018,1,7,28
12/27/2018,1,7,30
12/28/2018,1,7,31
12/29/2018,1,7,43
12/30/2018,1,7,20
12/31/2018,1,7,35
1/1/2019,1,7,37
1/2/2019,1,7,39
1/3/2019,1,7,39
1/4/2019,1,7,43
1/5/2019,1,7,53
1/6/2019,1,7,25
1/7/2019,1,7,35
1/8/2019,1,7,34
1/9/2019,1,7,26
1/10/2019,1,7,39
1/11/2019,1,7,41
1/12/2019,1,7,48
1/13/2019,1,7,24
1/14/2019,1,7,34
1/15/2019,1,7,28
1/16/2019,1,7,29
1/17/2019,1,7,40
1/18/2019,1,7,39
1/19/2019,1,7,36
1/20/2019,1,7,39
1/21/2019,1,7,34
1/22/2019,1,7,27
1/23/2019,1,7,35
1/24/2019,1,7,35
1/25/2019,1,7,31
1/26/2019,1,7,41
1/27/2019,1,7,24
1/28/2019,1,7,24
1/29/2019,1,7,28
1/30/2019,1,7,36
1/31/2019,1,7,33
2/1/2019,1,7,50
2/2/2019,1,7,41
2/3/2019,1,7,24
2/4/2019,1,7,29
2/5/2019,1,7,40
2/6/2019,1,7,38
2/7/2019,1,7,32
2/8/2019,1,7,52
2/9/2019,1,7,52
2/10/2019,1,7,27
2/11/2019,1,7,43
2/12/2019,1,7,21
2/13/2019,1,7,48
2/14/2019,1,7,40
2/15/2019,1,7,44
2/16/2019,1,7,29
2/17/2019,1,7,21
2/18/2019,1,7,28
2/19/2019,1,7,35
2/20/2019,1,7,37
2/21/2019,1,7,34
2/22/2019,1,7,38
2/23/2019,1,7,38
2/24/2019,1,7,27
2/25/2019,1,7,26
2/26/2019,1,7,27
2/27/2019,1,7,43
2/28/2019,1,7,40
3/1/2019,1,7,54
3/2/2019,1,7,63
3/3/2019,1,7,33
3/4/2019,1,7,53
3/5/2019,1,7,44
3/6/2019,1,7,41
3/7/2019,1,7,46
3/8/2019,1,7,43
3/9/2019,1,7,53
3/10/2019,1,7,25
3/11/2019,1,7,43
3/12/2019,1,7,40
3/13/2019,1,7,42
3/14/2019,1,7,51
3/15/2019,1,7,42
3/16/2019,1,7,50
3/17/2019,1,7,25
3/18/2019,1,7,39
3/19/2019,1,7,40
3/20/2019,1,7,57
3/21/2019,1,7,51
3/22/2019,1,7,58
3/23/2019,1,7,39
3/24/2019,1,7,37
3/25/2019,1,7,38
3/26/2019,1,7,38
3/27/2019,1,7,39
3/28/2019,1,7,49
3/29/2019,1,7,50
3/30/2019,1,7,44
3/31/2019,1,7,36
4/1/2019,1,7,42
4/2/2019,1,7,52
4/3/2019,1,7,66
4/4/2019,1,7,47
4/5/2019,1,7,76
4/6/2019,1,7,70
4/7/2019,1,7,38
4/8/2019,1,7,35
4/9/2019,1,7,47
4/10/2019,1,7,61
4/11/2019,1,7,56
4/12/2019,1,7,67
4/13/2019,1,7,67
4/14/2019,1,7,45
4/15/2019,1,7,38
4/16/2019,1,7,50
4/17/2019,1,7,48
4/18/2019,1,7,47
4/19/2019,1,7,65
4/20/2019,1,7,63
4/21/2019,1,7,40
4/22/2019,1,7,52
4/23/2019,1,7,47
4/24/2019,1,7,60
4/25/2019,1,7,63
4/26/2019,1,7,50
4/27/2019,1,7,58
4/28/2019,1,7,26
4/29/2019,1,7,59
4/30/2019,1,7,53
5/1/2019,1,7,70
5/2/2019,1,7,54
5/3/2019,1,7,77
5/4/2019,1,7,61
5/5/2019,1,7,30
5/6/2019,1,7,56
5/7/2019,1,7,49
5/8/2019,1,7,48
5/9/2019,1,7,58
5/10/2019,1,7,67
5/11/2019,1,7,66
5/12/2019,1,7,43
5/13/2019,1,7,53
5/14/2019,1,7,48
5/15/2019,1,7,60
5/16/2019,1,7,66
5/17/2019,1,7,71
5/18/2019,1,7,71
5/19/2019,1,7,40
5/20/2019,1,7,66
5/21/2019,1,7,48
5/22/2019,1,7,66
5/23/2019,1,7,51
5/24/2019,1,7,57
5/25/2019,1,7,58
5/26/2019,1,7,50
5/27/2019,1,7,48
5/28/2019,1,7,43
5/29/2019,1,7,63
5/30/2019,1,7,67
5/31/2019,1,7,88
6/1/2019,1,7,77
6/2/2019,1,7,42
6/3/2019,1,7,55
6/4/2019,1,7,54
6/5/2019,1,7,64
6/6/2019,1,7,71
6/7/2019,1,7,73
6/8/2019,1,7,67
6/9/2019,1,7,48
6/10/2019,1,7,57
6/11/2019,1,7,56
6/12/2019,1,7,65
6/13/2019,1,7,72
6/14/2019,1,7,59
6/15/2019,1,7,75
6/16/2019,1,7,44
6/17/2019,1,7,46
6/18/2019,1,7,66
6/19/2019,1,7,68
6/20/2019,1,7,55
6/21/2019,1,7,71
6/22/2019,1,7,80
6/23/2019,1,7,44
6/24/2019,1,7,51
6/25/2019,1,7,47
6/26/2019,1,7,65
6/27/2019,1,7,64
6/28/2019,1,7,69
6/29/2019,1,7,66
6/30/2019,1,7,48
7/1/2019,1,7,55
7/2/2019,1,7,50
7/3/2019,1,7,53
7/4/2019,1,7,68
7/5/2019,1,7,74
7/6/2019,1,7,72
7/7/2019,1,7,51
7/8/2019,1,7,52
7/9/2019,1,7,57
7/10/2019,1,7,62
7/11/2019,1,7,63
7/12/2019,1,7,76
7/13/2019,1,7,71
7/14/2019,1,7,47
7/15/2019,1,7,51
7/16/2019,1,7,62
7/17/2019,1,7,79
7/18/2019,1,7,74
7/19/2019,1,7,84
7/20/2019,1,7,74
7/21/2019,1,7,49
7/22/2019,1,7,58
7/23/2019,1,7,55
7/24/2019,1,7,72
7/25/2019,1,7,67
7/26/2019,1,7,82
7/27/2019,1,7,84
7/28/2019,1,7,58
7/29/2019,1,7,55
7/30/2019,1,7,59
7/31/2019,1,7,62
8/1/2019,1,7,47
8/2/2019,1,7,54
8/3/2019,1,7,68
8/4/2019,1,7,55
8/5/2019,1,7,54
8/6/2019,1,7,49
8/7/2019,1,7,62
8/8/2019,1,7,63
8/9/2019,1,7,81
8/10/2019,1,7,69
8/11/2019,1,7,41
8/12/2019,1,7,51
8/13/2019,1,7,50
8/14/2019,1,7,60
8/15/2019,1,7,81
8/16/2019,1,7,63
8/17/2019,1,7,74
8/18/2019,1,7,42
8/19/2019,1,7,59
8/20/2019,1,7,50
8/21/2019,1,7,56
8/22/2019,1,7,72
8/23/2019,1,7,55
8/24/2019,1,7,69
8/25/2019,1,7,38
8/26/2019,1,7,56
8/27/2019,1,7,52
8/28/2019,1,7,49
8/29/2019,1,7,60
8/30/2019,1,7,75
8/31/2019,1,7,69
9/1/2019,1,7,38
9/2/2019,1,7,46
9/3/2019,1,7,45
9/4/2019,1,7,66
9/5/2019,1,7,68
9/6/2019,1,7,72
9/7/2019,1,7,73
9/8/2019,1,7,44
9/9/2019,1,7,37
9/10/2019,1,7,53
9/11/2019,1,7,60
9/12/2019,1,7,59
9/13/2019,1,7,55
9/14/2019,1,7,66
9/15/2019,1,7,32
9/16/2019,1,7,51
9/17/2019,1,7,51
9/18/2019,1,7,54
9/19/2019,1,7,58
9/20/2019,1,7,54
9/21/2019,1,7,73
9/22/2019,1,7,39
9/23/2019,1,7,54
9/24/2019,1,7,45
9/25/2019,1,7,52
9/26/2019,1,7,58
9/27/2019,1,7,45
9/28/2019,1,7,55
9/29/2019,1,7,41
9/30/2019,1,7,48
10/1/2019,1,7,46
10/2/2019,1,7,54
10/3/2019,1,7,41
10/4/2019,1,7,67
10/5/2019,1,7,61
10/6/2019,1,7,42
10/7/2019,1,7,48
10/8/2019,1,7,39
10/9/2019,1,7,42
10/10/2019,1,7,50
10/11/2019,1,7,66
10/12/2019,1,7,59
10/13/2019,1,7,30
10/14/2019,1,7,40
10/15/2019,1,7,36
10/16/2019,1,7,46
10/17/2019,1,7,46
10/18/2019,1,7,54
10/19/2019,1,7,52
10/20/2019,1,7,39
10/21/2019,1,7,47
10/22/2019,1,7,50
10/23/2019,1,7,56
10/24/2019,1,7,55
10/25/2019,1,7,59
10/26/2019,1,7,70
10/27/2019,1,7,44
10/28/2019,1,7,41
10/29/2019,1,7,29
10/30/2019,1,7,53
10/31/2019,1,7,44
11/1/2019,1,7,53
11/2/2019,1,7,54
11/3/2019,1,7,30
11/4/2019,1,7,50
11/5/2019,1,7,49
11/6/2019,1,7,64
11/7/2019,1,7,52
11/8/2019,1,7,58
11/9/2019,1,7,58
11/10/2019,1,7,45
11/11/2019,1,7,38
11/12/2019,1,7,45
11/13/2019,1,7,57
11/14/2019,1,7,51
11/15/2019,1,7,59
11/16/2019,1,7,65
11/17/2019,1,7,53
11/18/2019,1,7,46
11/19/2019,1,7,55
11/20/2019,1,7,63
11/21/2019,1,7,57
11/22/2019,1,7,56
11/23/2019,1,7,51
11/24/2019,1,7,42
11/25/2019,1,7,47
11/26/2019,1,7,50
11/27/2019,1,7,49
11/28/2019,1,7,66
11/29/2019,1,7,63
11/30/2019,1,7,55
12/1/2019,1,7,30
12/2/2019,1,7,44
12/3/2019,1,7,30
12/4/2019,1,7,32
12/5/2019,1,7,43
12/6/2019,1,7,36
12/7/2019,1,7,39
12/8/2019,1,7,24
12/9/2019,1,7,47
12/10/2019,1,7,27
12/11/2019,1,7,40
12/12/2019,1,7,26
12/13/2019,1,7,34
12/14/2019,1,7,48
12/15/2019,1,7,28
12/16/2019,1,7,31
12/17/2019,1,7,38
12/18/2019,1,7,30
12/19/2019,1,7,53
12/20/2019,1,7,42
12/21/2019,1,7,39
12/22/2019,1,7,28
12/23/2019,1,7,51
12/24/2019,1,7,34
12/25/2019,1,7,37
12/26/2019,1,7,45
12/27/2019,1,7,31
12/28/2019,1,7,44
12/29/2019,1,7,26
12/30/2019,1,7,36
12/31/2019,1,7,28
1/1/2020,1,7,37
1/2/2020,1,7,38
1/3/2020,1,7,47
1/4/2020,1,7,48
1/5/2020,1,7,23
1/6/2020,1,7,30
1/7/2020,1,7,29
1/8/2020,1,7,23
1/9/2020,1,7,35
1/10/2020,1,7,44
1/11/2020,1,7,42
1/12/2020,1,7,35
1/13/2020,1,7,31
1/14/2020,1,7,22
1/15/2020,1,7,29
1/16/2020,1,7,31
1/17/2020,1,7,50
1/18/2020,1,7,34
1/19/2020,1,7,33
1/20/2020,1,7,40
1/21/2020,1,7,25
1/22/2020,1,7,45
1/23/2020,1,7,38
1/24/2020,1,7,41
1/25/2020,1,7,52
1/26/2020,1,7,28
1/27/2020,1,7,28
1/28/2020,1,7,34
1/29/2020,1,7,35
1/30/2020,1,7,27
1/31/2020,1,7,32
2/1/2020,1,7,37
2/2/2020,1,7,28
2/3/2020,1,7,37
2/4/2020,1,7,41
2/5/2020,1,7,41
2/6/2020,1,7,38
2/7/2020,1,7,41
2/8/2020,1,7,55
2/9/2020,1,7,42
2/10/2020,1,7,44
2/11/2020,1,7,38
2/12/2020,1,7,30
2/13/2020,1,7,43
2/14/2020,1,7,44
2/15/2020,1,7,54
2/16/2020,1,7,19
2/17/2020,1,7,35
2/18/2020,1,7,39
2/19/2020,1,7,34
2/20/2020,1,7,35
2/21/2020,1,7,46
2/22/2020,1,7,42
2/23/2020,1,7,38
2/24/2020,1,7,29
2/25/2020,1,7,39
2/26/2020,1,7,48
2/27/2020,1,7,53
2/28/2020,1,7,41
3/1/2020,1,7,65
3/2/2020,1,7,37
3/3/2020,1,7,36
3/4/2020,1,7,48
3/5/2020,1,7,46
3/6/2020,1,7,49
3/7/2020,1,7,46
3/8/2020,1,7,69
3/9/2020,1,7,43
3/10/2020,1,7,42
3/11/2020,1,7,36
3/12/2020,1,7,56
3/13/2020,1,7,45
3/14/2020,1,7,63
3/15/2020,1,7,60
3/16/2020,1,7,42
3/17/2020,1,7,40
3/18/2020,1,7,38
3/19/2020,1,7,42
3/20/2020,1,7,51
3/21/2020,1,7,58
3/22/2020,1,7,56
3/23/2020,1,7,37
3/24/2020,1,7,42
3/25/2020,1,7,40
3/26/2020,1,7,42
3/27/2020,1,7,50
3/28/2020,1,7,42
3/29/2020,1,7,67
3/30/2020,1,7,22
3/31/2020,1,7,42
4/1/2020,1,7,47
4/2/2020,1,7,55
4/3/2020,1,7,58
4/4/2020,1,7,62
4/5/2020,1,7,77
4/6/2020,1,7,41
4/7/2020,1,7,61
4/8/2020,1,7,62
4/9/2020,1,7,61
4/10/2020,1,7,68
4/11/2020,1,7,66
4/12/2020,1,7,68
4/13/2020,1,7,42
4/14/2020,1,7,59
4/15/2020,1,7,60
4/16/2020,1,7,69
4/17/2020,1,7,53
4/18/2020,1,7,68
4/19/2020,1,7,71
4/20/2020,1,7,51
4/21/2020,1,7,34
4/22/2020,1,7,55
4/23/2020,1,7,51
4/24/2020,1,7,50
4/25/2020,1,7,61
4/26/2020,1,7,74
4/27/2020,1,7,48
4/28/2020,1,7,52
4/29/2020,1,7,50
4/30/2020,1,7,52
5/1/2020,1,7,57
5/2/2020,1,7,70
5/3/2020,1,7,73
5/4/2020,1,7,48
5/5/2020,1,7,57
5/6/2020,1,7,53
5/7/2020,1,7,48
5/8/2020,1,7,69
5/9/2020,1,7,64
5/10/2020,1,7,70
5/11/2020,1,7,49
5/12/2020,1,7,63
5/13/2020,1,7,49
5/14/2020,1,7,56
5/15/2020,1,7,67
5/16/2020,1,7,79
5/17/2020,1,7,63
5/18/2020,1,7,67
5/19/2020,1,7,47
5/20/2020,1,7,54
5/21/2020,1,7,67
5/22/2020,1,7,55
5/23/2020,1,7,70
5/24/2020,1,7,78
5/25/2020,1,7,46
5/26/2020,1,7,52
5/27/2020,1,7,68
5/28/2020,1,7,66
5/29/2020,1,7,54
5/30/2020,1,7,85
5/31/2020,1,7,86
6/1/2020,1,7,48
6/2/2020,1,7,59
6/3/2020,1,7,55
6/4/2020,1,7,69
6/5/2020,1,7,65
6/6/2020,1,7,72
6/7/2020,1,7,64
6/8/2020,1,7,56
6/9/2020,1,7,67
6/10/2020,1,7,54
6/11/2020,1,7,62
6/12/2020,1,7,71
6/13/2020,1,7,85
6/14/2020,1,7,74
6/15/2020,1,7,47
6/16/2020,1,7,67
6/17/2020,1,7,47
6/18/2020,1,7,73
6/19/2020,1,7,65
6/20/2020,1,7,69
6/21/2020,1,7,84
6/22/2020,1,7,47
6/23/2020,1,7,52
6/24/2020,1,7,60
6/25/2020,1,7,79
6/26/2020,1,7,68
6/27/2020,1,7,80
6/28/2020,1,7,85
6/29/2020,1,7,55
6/30/2020,1,7,59
7/1/2020,1,7,61
7/2/2020,1,7,59
7/3/2020,1,7,75
7/4/2020,1,7,98
7/5/2020,1,7,75
7/6/2020,1,7,60
7/7/2020,1,7,69
7/8/2020,1,7,49
7/9/2020,1,7,59
7/10/2020,1,7,72
7/11/2020,1,7,62
7/12/2020,1,7,83
7/13/2020,1,7,54
7/14/2020,1,7,69
7/15/2020,1,7,53
7/16/2020,1,7,68
7/17/2020,1,7,71
7/18/2020,1,7,100
7/19/2020,1,7,81
7/20/2020,1,7,52
7/21/2020,1,7,75
7/22/2020,1,7,59
7/23/2020,1,7,72
7/24/2020,1,7,77
7/25/2020,1,7,74
7/26/2020,1,7,85
7/27/2020,1,7,52
7/28/2020,1,7,69
7/29/2020,1,7,61
7/30/2020,1,7,63
7/31/2020,1,7,75
8/1/2020,1,7,67
8/2/2020,1,7,72
8/3/2020,1,7,63
8/4/2020,1,7,48
8/5/2020,1,7,57
8/6/2020,1,7,68
8/7/2020,1,7,60
8/8/2020,1,7,67
8/9/2020,1,7,64
8/10/2020,1,7,43
8/11/2020,1,7,58
8/12/2020,1,7,57
8/13/2020,1,7,39
8/14/2020,1,7,54
8/15/2020,1,7,59
8/16/2020,1,7,76
8/17/2020,1,7,54
8/18/2020,1,7,62
8/19/2020,1,7,66
8/20/2020,1,7,60
8/21/2020,1,7,61
8/22/2020,1,7,69
8/23/2020,1,7,68
8/24/2020,1,7,37
8/25/2020,1,7,74
8/26/2020,1,7,52
8/27/2020,1,7,64
8/28/2020,1,7,58
8/29/2020,1,7,84
8/30/2020,1,7,78
8/31/2020,1,7,42
9/1/2020,1,7,48
9/2/2020,1,7,49
9/3/2020,1,7,48
9/4/2020,1,7,54
9/5/2020,1,7,60
9/6/2020,1,7,51
9/7/2020,1,7,36
9/8/2020,1,7,51
9/9/2020,1,7,40
9/10/2020,1,7,49
9/11/2020,1,7,60
9/12/2020,1,7,67
9/13/2020,1,7,61
9/14/2020,1,7,36
9/15/2020,1,7,44
9/16/2020,1,7,56
9/17/2020,1,7,56
9/18/2020,1,7,70
9/19/2020,1,7,64
9/20/2020,1,7,54
9/21/2020,1,7,32
9/22/2020,1,7,60
9/23/2020,1,7,40
9/24/2020,1,7,63
9/25/2020,1,7,57
9/26/2020,1,7,77
9/27/2020,1,7,53
9/28/2020,1,7,45
9/29/2020,1,7,55
9/30/2020,1,7,54
10/1/2020,1,7,61
10/2/2020,1,7,55
10/3/2020,1,7,60
10/4/2020,1,7,64
10/5/2020,1,7,38
10/6/2020,1,7,40
10/7/2020,1,7,40
10/8/2020,1,7,59
10/9/2020,1,7,68
10/10/2020,1,7,59
10/11/2020,1,7,64
10/12/2020,1,7,45
10/13/2020,1,7,60
10/14/2020,1,7,56
10/15/2020,1,7,62
10/16/2020,1,7,50
10/17/2020,1,7,61
10/18/2020,1,7,77
10/19/2020,1,7,51
10/20/2020,1,7,38
10/21/2020,1,7,38
10/22/2020,1,7,40
10/23/2020,1,7,55
10/24/2020,1,7,60
10/25/2020,1,7,76
10/26/2020,1,7,35
10/27/2020,1,7,40
10/28/2020,1,7,50
10/29/2020,1,7,47
10/30/2020,1,7,61
10/31/2020,1,7,55
11/1/2020,1,7,67
11/2/2020,1,7,41
11/3/2020,1,7,42
11/4/2020,1,7,49
11/5/2020,1,7,56
11/6/2020,1,7,73
11/7/2020,1,7,47
11/8/2020,1,7,57
11/9/2020,1,7,38
11/10/2020,1,7,44
11/11/2020,1,7,63
11/12/2020,1,7,47
11/13/2020,1,7,56
11/14/2020,1,7,56
11/15/2020,1,7,72
11/16/2020,1,7,58
11/17/2020,1,7,58
11/18/2020,1,7,55
11/19/2020,1,7,67
11/20/2020,1,7,67
11/21/2020,1,7,79
11/22/2020,1,7,57
11/23/2020,1,7,43
11/24/2020,1,7,45
11/25/2020,1,7,45
11/26/2020,1,7,50
11/27/2020,1,7,59
11/28/2020,1,7,62
11/29/2020,1,7,69
11/30/2020,1,7,43
12/1/2020,1,7,40
12/2/2020,1,7,38
12/3/2020,1,7,37
12/4/2020,1,7,49
12/5/2020,1,7,49
12/6/2020,1,7,44
12/7/2020,1,7,28
12/8/2020,1,7,28
12/9/2020,1,7,43
12/10/2020,1,7,41
12/11/2020,1,7,44
12/12/2020,1,7,50
12/13/2020,1,7,38
12/14/2020,1,7,28
12/15/2020,1,7,38
12/16/2020,1,7,47
12/17/2020,1,7,30
12/18/2020,1,7,46
12/19/2020,1,7,44
12/20/2020,1,7,40
12/21/2020,1,7,24
12/22/2020,1,7,41
12/23/2020,1,7,26
12/24/2020,1,7,48
12/25/2020,1,7,41
12/26/2020,1,7,45
12/27/2020,1,7,43
12/28/2020,1,7,27
12/29/2020,1,7,47
12/30/2020,1,7,37
12/31/2020,1,7,50
1/1/2021,1,7,30
1/2/2021,1,7,44
1/3/2021,1,7,32
1/4/2021,1,7,19
1/5/2021,1,7,27
1/6/2021,1,7,36
1/7/2021,1,7,27
1/8/2021,1,7,40
1/9/2021,1,7,26
1/10/2021,1,7,48
1/11/2021,1,7,38
1/12/2021,1,7,24
1/13/2021,1,7,39
1/14/2021,1,7,31
1/15/2021,1,7,45
1/16/2021,1,7,47
1/17/2021,1,7,42
1/18/2021,1,7,21
1/19/2021,1,7,41
1/20/2021,1,7,44
1/21/2021,1,7,42
1/22/2021,1,7,44
1/23/2021,1,7,40
1/24/2021,1,7,48
1/25/2021,1,7,28
1/26/2021,1,7,41
1/27/2021,1,7,41
1/28/2021,1,7,29
1/29/2021,1,7,49
1/30/2021,1,7,56
1/31/2021,1,7,48
2/1/2021,1,7,36
2/2/2021,1,7,39
2/3/2021,1,7,43
2/4/2021,1,7,42
2/5/2021,1,7,39
2/6/2021,1,7,56
2/7/2021,1,7,46
2/8/2021,1,7,26
2/9/2021,1,7,43
2/10/2021,1,7,45
2/11/2021,1,7,42
2/12/2021,1,7,43
2/13/2021,1,7,47
2/14/2021,1,7,45
2/15/2021,1,7,49
2/16/2021,1,7,37
2/17/2021,1,7,39
2/18/2021,1,7,42
2/19/2021,1,7,38
2/20/2021,1,7,57
2/21/2021,1,7,40
2/22/2021,1,7,35
2/23/2021,1,7,26
2/24/2021,1,7,40
2/25/2021,1,7,44
2/26/2021,1,7,49
2/27/2021,1,7,51
2/28/2021,1,7,52
2/29/2021,1,7,37
3/1/2021,1,7,44
3/2/2021,1,7,51
3/3/2021,1,7,48
3/4/2021,1,7,74
3/5/2021,1,7,54
3/6/2021,1,7,71
3/7/2021,1,7,34
3/8/2021,1,7,48
3/9/2021,1,7,51
3/10/2021,1,7,48
3/11/2021,1,7,63
3/12/2021,1,7,64
3/13/2021,1,7,64
3/14/2021,1,7,47
3/15/2021,1,7,43
3/16/2021,1,7,43
3/17/2021,1,7,54
3/18/2021,1,7,59
3/19/2021,1,7,54
3/20/2021,1,7,64
3/21/2021,1,7,52
3/22/2021,1,7,46
3/23/2021,1,7,49
3/24/2021,1,7,55
3/25/2021,1,7,72
3/26/2021,1,7,49
3/27/2021,1,7,53
3/28/2021,1,7,45
3/29/2021,1,7,57
3/30/2021,1,7,51
3/31/2021,1,7,55
4/1/2021,1,7,66
4/2/2021,1,7,78
4/3/2021,1,7,75
4/4/2021,1,7,47
4/5/2021,1,7,75
4/6/2021,1,7,55
4/7/2021,1,7,73
4/8/2021,1,7,59
4/9/2021,1,7,56
4/10/2021,1,7,78
4/11/2021,1,7,46
4/12/2021,1,7,63
4/13/2021,1,7,47
4/14/2021,1,7,62
4/15/2021,1,7,66
4/16/2021,1,7,62
4/17/2021,1,7,70
4/18/2021,1,7,51
4/19/2021,1,7,63
4/20/2021,1,7,57
4/21/2021,1,7,61
4/22/2021,1,7,57
4/23/2021,1,7,65
4/24/2021,1,7,77
4/25/2021,1,7,52
4/26/2021,1,7,57
4/27/2021,1,7,50
4/28/2021,1,7,63
4/29/2021,1,7,79
4/30/2021,1,7,73
5/1/2021,1,7,75
5/2/2021,1,7,47
5/3/2021,1,7,44
5/4/2021,1,7,71
5/5/2021,1,7,76
5/6/2021,1,7,58
5/7/2021,1,7,76
5/8/2021,1,7,73
5/9/2021,1,7,64
5/10/2021,1,7,62
5/11/2021,1,7,59
5/12/2021,1,7,49
5/13/2021,1,7,66
5/14/2021,1,7,98
5/15/2021,1,7,78
5/16/2021,1,7,52
5/17/2021,1,7,59
5/18/2021,1,7,63
5/19/2021,1,7,65
5/20/2021,1,7,74
5/21/2021,1,7,53
5/22/2021,1,7,69
5/23/2021,1,7,53
5/24/2021,1,7,63
5/25/2021,1,7,64
5/26/2021,1,7,67
5/27/2021,1,7,58
5/28/2021,1,7,65
5/29/2021,1,7,72
5/30/2021,1,7,51
5/31/2021,1,7,54
6/1/2021,1,7,71
6/2/2021,1,7,77
6/3/2021,1,7,55
6/4/2021,1,7,67
6/5/2021,1,7,93
6/6/2021,1,7,63
6/7/2021,1,7,73
6/8/2021,1,7,52
6/9/2021,1,7,75
6/10/2021,1,7,63
6/11/2021,1,7,81
6/12/2021,1,7,85
6/13/2021,1,7,61
6/14/2021,1,7,53
6/15/2021,1,7,53
6/16/2021,1,7,67
6/17/2021,1,7,82
6/18/2021,1,7,83
6/19/2021,1,7,77
6/20/2021,1,7,43
6/21/2021,1,7,69
6/22/2021,1,7,62
6/23/2021,1,7,70
6/24/2021,1,7,78
6/25/2021,1,7,75
6/26/2021,1,7,73
6/27/2021,1,7,58
6/28/2021,1,7,79
6/29/2021,1,7,60
6/30/2021,1,7,69
7/1/2021,1,7,84
7/2/2021,1,7,95
7/3/2021,1,7,81
7/4/2021,1,7,48
7/5/2021,1,7,52
7/6/2021,1,7,73
7/7/2021,1,7,62
7/8/2021,1,7,77
7/9/2021,1,7,96
7/10/2021,1,7,95
7/11/2021,1,7,56
7/12/2021,1,7,54
7/13/2021,1,7,78
7/14/2021,1,7,68
7/15/2021,1,7,80
7/16/2021,1,7,85
7/17/2021,1,7,87
7/18/2021,1,7,63
7/19/2021,1,7,51
7/20/2021,1,7,68
7/21/2021,1,7,72
7/22/2021,1,7,75
7/23/2021,1,7,87
7/24/2021,1,7,115
7/25/2021,1,7,55
7/26/2021,1,7,82
7/27/2021,1,7,66
7/28/2021,1,7,65
7/29/2021,1,7,73
7/30/2021,1,7,78
7/31/2021,1,7,82
8/1/2021,1,7,44
8/2/2021,1,7,54
8/3/2021,1,7,66
8/4/2021,1,7,69
8/5/2021,1,7,67
8/6/2021,1,7,76
8/7/2021,1,7,59
8/8/2021,1,7,49
8/9/2021,1,7,54
8/10/2021,1,7,64
8/11/2021,1,7,59
8/12/2021,1,7,52
8/13/2021,1,7,84
8/14/2021,1,7,81
8/15/2021,1,7,56
8/16/2021,1,7,72
8/17/2021,1,7,55
8/18/2021,1,7,58
8/19/2021,1,7,64
8/20/2021,1,7,74
8/21/2021,1,7,72
8/22/2021,1,7,57
8/23/2021,1,7,62
8/24/2021,1,7,52
8/25/2021,1,7,68
8/26/2021,1,7,56
8/27/2021,1,7,79
8/28/2021,1,7,67
8/29/2021,1,7,50
8/30/2021,1,7,66
8/31/2021,1,7,58
9/1/2021,1,7,66
9/2/2021,1,7,77
9/3/2021,1,7,56
9/4/2021,1,7,67
9/5/2021,1,7,50
9/6/2021,1,7,48
9/7/2021,1,7,56
9/8/2021,1,7,60
9/9/2021,1,7,54
9/10/2021,1,7,53
9/11/2021,1,7,72
9/12/2021,1,7,46
9/13/2021,1,7,47
9/14/2021,1,7,59
9/15/2021,1,7,55
9/16/2021,1,7,57
9/17/2021,1,7,53
9/18/2021,1,7,69
9/19/2021,1,7,63
9/20/2021,1,7,61
9/21/2021,1,7,51
9/22/2021,1,7,65
9/23/2021,1,7,64
9/24/2021,1,7,73
9/25/2021,1,7,89
9/26/2021,1,7,45
9/27/2021,1,7,53
9/28/2021,1,7,53
9/29/2021,1,7,57
9/30/2021,1,7,59
10/1/2021,1,7,63
10/2/2021,1,7,61
10/3/2021,1,7,35
10/4/2021,1,7,54
10/5/2021,1,7,57
10/6/2021,1,7,62
10/7/2021,1,7,56
10/8/2021,1,7,79
10/9/2021,1,7,58
10/10/2021,1,7,54
10/11/2021,1,7,44
10/12/2021,1,7,61
10/13/2021,1,7,57
10/14/2021,1,7,62
10/15/2021,1,7,62
10/16/2021,1,7,60
10/17/2021,1,7,44
10/18/2021,1,7,61
10/19/2021,1,7,40
10/20/2021,1,7,61
10/21/2021,1,7,56
10/22/2021,1,7,61
10/23/2021,1,7,62
10/24/2021,1,7,49
10/25/2021,1,7,46
10/26/2021,1,7,63
10/27/2021,1,7,61
10/28/2021,1,7,51
10/29/2021,1,7,60
10/30/2021,1,7,77
10/31/2021,1,7,46
11/1/2021,1,7,74
11/2/2021,1,7,43
11/3/2021,1,7,43
11/4/2021,1,7,64
11/5/2021,1,7,54
11/6/2021,1,7,96
11/7/2021,1,7,52
11/8/2021,1,7,48
11/9/2021,1,7,49
11/10/2021,1,7,60
11/11/2021,1,7,60
11/12/2021,1,7,75
11/13/2021,1,7,70
11/14/2021,1,7,48
11/15/2021,1,7,43
11/16/2021,1,7,59
11/17/2021,1,7,71
11/18/2021,1,7,70
11/19/2021,1,7,68
11/20/2021,1,7,74
11/21/2021,1,7,45
11/22/2021,1,7,35
11/23/2021,1,7,53
11/24/2021,1,7,71
11/25/2021,1,7,57
11/26/2021,1,7,78
11/27/2021,1,7,60
11/28/2021,1,7,52
11/29/2021,1,7,54
11/30/2021,1,7,75
12/1/2021,1,7,31
12/2/2021,1,7,31
12/3/2021,1,7,44
12/4/2021,1,7,61
12/5/2021,1,7,31
12/6/2021,1,7,47
12/7/2021,1,7,38
12/8/2021,1,7,29
12/9/2021,1,7,36
12/10/2021,1,7,52
12/11/2021,1,7,54
12/12/2021,1,7,28
12/13/2021,1,7,52
12/14/2021,1,7,54
12/15/2021,1,7,49
12/16/2021,1,7,47
12/17/2021,1,7,32
12/18/2021,1,7,53
12/19/2021,1,7,30
12/20/2021,1,7,50
12/21/2021,1,7,36
12/22/2021,1,7,42
12/23/2021,1,7,42
12/24/2021,1,7,45
12/25/2021,1,7,39
12/26/2021,1,7,32
12/27/2021,1,7,48
12/28/2021,1,7,52
12/29/2021,1,7,34
12/30/2021,1,7,30
12/31/2021,1,7,49
1/1/2022,1,7,42
1/2/2022,1,7,36
1/3/2022,1,7,31
1/4/2022,1,7,42
1/5/2022,1,7,44
1/6/2022,1,7,35
1/7/2022,1,7,43
1/8/2022,1,7,43
1/9/2022,1,7,25
1/10/2022,1,7,32
1/11/2022,1,7,33
1/12/2022,1,7,26
1/13/2022,1,7,52
1/14/2022,1,7,48
1/15/2022,1,7,52
1/16/2022,1,7,26
1/17/2022,1,7,38
1/18/2022,1,7,37
1/19/2022,1,7,38
1/20/2022,1,7,29
1/21/2022,1,7,54
1/22/2022,1,7,43
1/23/2022,1,7,35
1/24/2022,1,7,47
1/25/2022,1,7,47
1/26/2022,1,7,40
1/27/2022,1,7,41
1/28/2022,1,7,42
1/29/2022,1,7,49
1/30/2022,1,7,38
1/31/2022,1,7,33
2/1/2022,1,7,52
2/2/2022,1,7,38
2/3/2022,1,7,48
2/4/2022,1,7,42
2/5/2022,1,7,60
2/6/2022,1,7,38
2/7/2022,1,7,40
2/8/2022,1,7,37
2/9/2022,1,7,46
2/10/2022,1,7,42
2/11/2022,1,7,42
2/12/2022,1,7,39
2/13/2022,1,7,34
2/14/2022,1,7,41
2/15/2022,1,7,56
2/16/2022,1,7,40
2/17/2022,1,7,51
2/18/2022,1,7,51
2/19/2022,1,7,59
2/20/2022,1,7,40
2/21/2022,1,7,38
2/22/2022,1,7,36
2/23/2022,1,7,44
2/24/2022,1,7,59
2/25/2022,1,7,43
2/26/2022,1,7,52
2/27/2022,1,7,30
2/28/2022,1,7,48
3/1/2022,1,7,56
3/2/2022,1,7,52
3/3/2022,1,7,60
3/4/2022,1,7,57
3/5/2022,1,7,58
3/6/2022,1,7,36
3/7/2022,1,7,39
3/8/2022,1,7,63
3/9/2022,1,7,53
3/10/2022,1,7,71
3/11/2022,1,7,66
3/12/2022,1,7,67
3/13/2022,1,7,35
3/14/2022,1,7,45
3/15/2022,1,7,36
3/16/2022,1,7,44
3/17/2022,1,7,55
3/18/2022,1,7,50
3/19/2022,1,7,68
3/20/2022,1,7,44
3/21/2022,1,7,57
3/22/2022,1,7,52
3/23/2022,1,7,48
3/24/2022,1,7,50
3/25/2022,1,7,68
3/26/2022,1,7,56
3/27/2022,1,7,38
3/28/2022,1,7,51
3/29/2022,1,7,52
3/30/2022,1,7,45
3/31/2022,1,7,58
4/1/2022,1,7,86
4/2/2022,1,7,71
4/3/2022,1,7,51
4/4/2022,1,7,54
4/5/2022,1,7,55
4/6/2022,1,7,61
4/7/2022,1,7,55
4/8/2022,1,7,86
4/9/2022,1,7,68
4/10/2022,1,7,48
4/11/2022,1,7,46
4/12/2022,1,7,63
4/13/2022,1,7,59
4/14/2022,1,7,66
4/15/2022,1,7,63
4/16/2022,1,7,68
4/17/2022,1,7,44
4/18/2022,1,7,48
4/19/2022,1,7,55
4/20/2022,1,7,71
4/21/2022,1,7,58
4/22/2022,1,7,71
4/23/2022,1,7,58
4/24/2022,1,7,60
4/25/2022,1,7,60
4/26/2022,1,7,55
4/27/2022,1,7,65
4/28/2022,1,7,66
4/29/2022,1,7,60
4/30/2022,1,7,81
5/1/2022,1,7,53
5/2/2022,1,7,71
5/3/2022,1,7,78
5/4/2022,1,7,58
5/5/2022,1,7,63
5/6/2022,1,7,60
5/7/2022,1,7,83
5/8/2022,1,7,58
5/9/2022,1,7,60
5/10/2022,1,7,56
5/11/2022,1,7,63
5/12/2022,1,7,69
5/13/2022,1,7,73
5/14/2022,1,7,76
5/15/2022,1,7,58
5/16/2022,1,7,59
5/17/2022,1,7,70
5/18/2022,1,7,64
5/19/2022,1,7,63
5/20/2022,1,7,72
5/21/2022,1,7,89
5/22/2022,1,7,48
5/23/2022,1,7,83
5/24/2022,1,7,52
5/25/2022,1,7,64
5/26/2022,1,7,74
5/27/2022,1,7,85
5/28/2022,1,7,71
5/29/2022,1,7,56
5/30/2022,1,7,56
5/31/2022,1,7,71
6/1/2022,1,7,87
6/2/2022,1,7,73
6/3/2022,1,7,85
6/4/2022,1,7,90
6/5/2022,1,7,59
6/6/2022,1,7,73
6/7/2022,1,7,76
6/8/2022,1,7,82
6/9/2022,1,7,79
6/10/2022,1,7,89
6/11/2022,1,7,74
6/12/2022,1,7,56
6/13/2022,1,7,73
6/14/2022,1,7,79
6/15/2022,1,7,73
6/16/2022,1,7,85
6/17/2022,1,7,98
6/18/2022,1,7,99
6/19/2022,1,7,58
6/20/2022,1,7,61
6/21/2022,1,7,55
6/22/2022,1,7,75
6/23/2022,1,7,79
6/24/2022,1,7,71
6/25/2022,1,7,92
6/26/2022,1,7,54
6/27/2022,1,7,58
6/28/2022,1,7,70
6/29/2022,1,7,55
6/30/2022,1,7,64
7/1/2022,1,7,88
7/2/2022,1,7,90
7/3/2022,1,7,59
7/4/2022,1,7,86
7/5/2022,1,7,54
7/6/2022,1,7,86
7/7/2022,1,7,88
7/8/2022,1,7,88
7/9/2022,1,7,96
7/10/2022,1,7,59
7/11/2022,1,7,71
7/12/2022,1,7,69
7/13/2022,1,7,83
7/14/2022,1,7,63
7/15/2022,1,7,79
7/16/2022,1,7,88
7/17/2022,1,7,67
7/18/2022,1,7,67
7/19/2022,1,7,76
7/20/2022,1,7,74
7/21/2022,1,7,87
7/22/2022,1,7,85
7/23/2022,1,7,81
7/24/2022,1,7,50
7/25/2022,1,7,81
7/26/2022,1,7,55
7/27/2022,1,7,76
7/28/2022,1,7,62
7/29/2022,1,7,86
7/30/2022,1,7,90
7/31/2022,1,7,70
8/1/2022,1,7,49
8/2/2022,1,7,74
8/3/2022,1,7,62
8/4/2022,1,7,75
8/5/2022,1,7,72
8/6/2022,1,7,77
8/7/2022,1,7,54
8/8/2022,1,7,66
8/9/2022,1,7,53
8/10/2022,1,7,65
8/11/2022,1,7,79
8/12/2022,1,7,66
8/13/2022,1,7,66
8/14/2022,1,7,65
8/15/2022,1,7,54
8/16/2022,1,7,49
8/17/2022,1,7,47
8/18/2022,1,7,77
8/19/2022,1,7,71
8/20/2022,1,7,96
8/21/2022,1,7,53
8/22/2022,1,7,67
8/23/2022,1,7,61
8/24/2022,1,7,66
8/25/2022,1,7,68
8/26/2022,1,7,88
8/27/2022,1,7,79
8/28/2022,1,7,44
8/29/2022,1,7,57
8/30/2022,1,7,56
8/31/2022,1,7,61
9/1/2022,1,7,68
9/2/2022,1,7,83
9/3/2022,1,7,68
9/4/2022,1,7,54
9/5/2022,1,7,58
9/6/2022,1,7,50
9/7/2022,1,7,58
9/8/2022,1,7,56
9/9/2022,1,7,60
9/10/2022,1,7,85
9/11/2022,1,7,54
9/12/2022,1,7,61
9/13/2022,1,7,64
9/14/2022,1,7,67
9/15/2022,1,7,69
9/16/2022,1,7,69
9/17/2022,1,7,78
9/18/2022,1,7,48
9/19/2022,1,7,60
9/20/2022,1,7,64
9/21/2022,1,7,61
9/22/2022,1,7,63
9/23/2022,1,7,70
9/24/2022,1,7,79
9/25/2022,1,7,49
9/26/2022,1,7,45
9/27/2022,1,7,44
9/28/2022,1,7,70
9/29/2022,1,7,68
9/30/2022,1,7,80
10/1/2022,1,7,70
10/2/2022,1,7,44
10/3/2022,1,7,51
10/4/2022,1,7,55
10/5/2022,1,7,47
10/6/2022,1,7,46
10/7/2022,1,7,72
10/8/2022,1,7,77
10/9/2022,1,7,40
10/10/2022,1,7,47
10/11/2022,1,7,52
10/12/2022,1,7,55
10/13/2022,1,7,51
10/14/2022,1,7,65
10/15/2022,1,7,63
10/16/2022,1,7,55
10/17/2022,1,7,68
10/18/2022,1,7,44
10/19/2022,1,7,62
10/20/2022,1,7,70
10/21/2022,1,7,70
10/22/2022,1,7,72
10/23/2022,1,7,57
10/24/2022,1,7,62
10/25/2022,1,7,50
10/26/2022,1,7,61
10/27/2022,1,7,63
10/28/2022,1,7,74
10/29/2022,1,7,78
10/30/2022,1,7,43
10/31/2022,1,7,59
11/1/2022,1,7,47
11/2/2022,1,7,52
11/3/2022,1,7,80
11/4/2022,1,7,58
11/5/2022,1,7,79
11/6/2022,1,7,54
11/7/2022,1,7,58
11/8/2022,1,7,66
11/9/2022,1,7,60
11/10/2022,1,7,56
11/11/2022,1,7,56
11/12/2022,1,7,62
11/13/2022,1,7,57
11/14/2022,1,7,64
11/15/2022,1,7,58
11/16/2022,1,7,69
11/17/2022,1,7,58
11/18/2022,1,7,62
11/19/2022,1,7,81
11/20/2022,1,7,41
11/21/2022,1,7,62
11/22/2022,1,7,71
11/23/2022,1,7,59
11/24/2022,1,7,68
11/25/2022,1,7,73
11/26/2022,1,7,81
11/27/2022,1,7,50
11/28/2022,1,7,53
11/29/2022,1,7,61
11/30/2022,1,7,61
12/1/2022,1,7,54
12/2/2022,1,7,40
12/3/2022,1,7,46
12/4/2022,1,7,41
12/5/2022,1,7,35
12/6/2022,1,7,43
12/7/2022,1,7,43
12/8/2022,1,7,55
12/9/2022,1,7,59
12/10/2022,1,7,50
12/11/2022,1,7,39
12/12/2022,1,7,34
12/13/2022,1,7,36
12/14/2022,1,7,51
12/15/2022,1,7,34
12/16/2022,1,7,47
12/17/2022,1,7,49
12/18/2022,1,7,27
12/19/2022,1,7,44
12/20/2022,1,7,37
12/21/2022,1,7,55
12/22/2022,1,7,39
12/23/2022,1,7,53
12/24/2022,1,7,45
12/25/2022,1,7,27
12/26/2022,1,7,51
12/27/2022,1,7,45
12/28/2022,1,7,36
12/29/2022,1,7,57
12/30/2022,1,7,60
12/31/2022,1,7,55
1/1/2018,2,7,39
1/2/2018,2,7,47
1/3/2018,2,7,43
1/4/2018,2,7,44
1/5/2018,2,7,55
1/6/2018,2,7,46
1/7/2018,2,7,36
1/8/2018,2,7,42
1/9/2018,2,7,49
1/10/2018,2,7,53
1/11/2018,2,7,46
1/12/2018,2,7,45
1/13/2018,2,7,54
1/14/2018,2,7,38
1/15/2018,2,7,41
1/16/2018,2,7,45
1/17/2018,2,7,39
1/18/2018,2,7,48
1/19/2018,2,7,48
1/20/2018,2,7,47
1/21/2018,2,7,52
1/22/2018,2,7,40
1/23/2018,2,7,42
1/24/2018,2,7,30
1/25/2018,2,7,46
1/26/2018,2,7,45
1/27/2018,2,7,41
1/28/2018,2,7,35
1/29/2018,2,7,49
1/30/2018,2,7,38
1/31/2018,2,7,40
2/1/2018,2,7,45
2/2/2018,2,7,61
2/3/2018,2,7,50
2/4/2018,2,7,39
2/5/2018,2,7,44
2/6/2018,2,7,54
2/7/2018,2,7,45
2/8/2018,2,7,54
2/9/2018,2,7,66
2/10/2018,2,7,53
2/11/2018,2,7,32
2/12/2018,2,7,39
2/13/2018,2,7,47
2/14/2018,2,7,38
2/15/2018,2,7,48
2/16/2018,2,7,69
2/17/2018,2,7,59
2/18/2018,2,7,51
2/19/2018,2,7,41
2/20/2018,2,7,38
2/21/2018,2,7,47
2/22/2018,2,7,56
2/23/2018,2,7,50
2/24/2018,2,7,42
2/25/2018,2,7,32
2/26/2018,2,7,51
2/27/2018,2,7,37
2/28/2018,2,7,48
3/1/2018,2,7,48
3/2/2018,2,7,70
3/3/2018,2,7,70
3/4/2018,2,7,48
3/5/2018,2,7,51
3/6/2018,2,7,42
3/7/2018,2,7,60
3/8/2018,2,7,49
3/9/2018,2,7,70
3/10/2018,2,7,69
3/11/2018,2,7,45
3/12/2018,2,7,46
3/13/2018,2,7,47
3/14/2018,2,7,67
3/15/2018,2,7,56
3/16/2018,2,7,56
3/17/2018,2,7,71
3/18/2018,2,7,39
3/19/2018,2,7,57
3/20/2018,2,7,55
3/21/2018,2,7,56
3/22/2018,2,7,67
3/23/2018,2,7,58
3/24/2018,2,7,56
3/25/2018,2,7,45
3/26/2018,2,7,58
3/27/2018,2,7,49
3/28/2018,2,7,62
3/29/2018,2,7,60
3/30/2018,2,7,70
3/31/2018,2,7,78
4/1/2018,2,7,66
4/2/2018,2,7,63
4/3/2018,2,7,48
4/4/2018,2,7,65
4/5/2018,2,7,84
4/6/2018,2,7,78
4/7/2018,2,7,71
4/8/2018,2,7,49
4/9/2018,2,7,69
4/10/2018,2,7,68
4/11/2018,2,7,55
4/12/2018,2,7,57
4/13/2018,2,7,74
4/14/2018,2,7,85
4/15/2018,2,7,51
4/16/2018,2,7,78
4/17/2018,2,7,61
4/18/2018,2,7,64
4/19/2018,2,7,72
4/20/2018,2,7,62
4/21/2018,2,7,67
4/22/2018,2,7,55
4/23/2018,2,7,63
4/24/2018,2,7,61
4/25/2018,2,7,59
4/26/2018,2,7,77
4/27/2018,2,7,76
4/28/2018,2,7,73
4/29/2018,2,7,55
4/30/2018,2,7,51
5/1/2018,2,7,74
5/2/2018,2,7,66
5/3/2018,2,7,88
5/4/2018,2,7,103
5/5/2018,2,7,80
5/6/2018,2,7,52
5/7/2018,2,7,73
5/8/2018,2,7,75
5/9/2018,2,7,67
5/10/2018,2,7,87
5/11/2018,2,7,93
5/12/2018,2,7,79
5/13/2018,2,7,66
5/14/2018,2,7,59
5/15/2018,2,7,64
5/16/2018,2,7,85
5/17/2018,2,7,66
5/18/2018,2,7,72
5/19/2018,2,7,96
5/20/2018,2,7,66
5/21/2018,2,7,69
5/22/2018,2,7,85
5/23/2018,2,7,67
5/24/2018,2,7,61
5/25/2018,2,7,84
5/26/2018,2,7,93
5/27/2018,2,7,67
5/28/2018,2,7,65
5/29/2018,2,7,57
5/30/2018,2,7,72
5/31/2018,2,7,69
6/1/2018,2,7,79
6/2/2018,2,7,88
6/3/2018,2,7,70
6/4/2018,2,7,74
6/5/2018,2,7,82
6/6/2018,2,7,79
6/7/2018,2,7,77
6/8/2018,2,7,70
6/9/2018,2,7,90
6/10/2018,2,7,54
6/11/2018,2,7,76
6/12/2018,2,7,76
6/13/2018,2,7,79
6/14/2018,2,7,91
6/15/2018,2,7,74
6/16/2018,2,7,94
6/17/2018,2,7,62
6/18/2018,2,7,60
6/19/2018,2,7,54
6/20/2018,2,7,80
6/21/2018,2,7,72
6/22/2018,2,7,96
6/23/2018,2,7,85
6/24/2018,2,7,62
6/25/2018,2,7,64
6/26/2018,2,7,78
6/27/2018,2,7,83
6/28/2018,2,7,74
6/29/2018,2,7,93
6/30/2018,2,7,100
7/1/2018,2,7,62
7/2/2018,2,7,66
7/3/2018,2,7,66
7/4/2018,2,7,75
7/5/2018,2,7,72
7/6/2018,2,7,93
7/7/2018,2,7,99
7/8/2018,2,7,58
7/9/2018,2,7,67
7/10/2018,2,7,86
7/11/2018,2,7,85
7/12/2018,2,7,98
7/13/2018,2,7,97
7/14/2018,2,7,89
7/15/2018,2,7,60
7/16/2018,2,7,84
7/17/2018,2,7,68
7/18/2018,2,7,77
7/19/2018,2,7,93
7/20/2018,2,7,97
7/21/2018,2,7,112
7/22/2018,2,7,66
7/23/2018,2,7,63
7/24/2018,2,7,82
7/25/2018,2,7,88
7/26/2018,2,7,74
7/27/2018,2,7,88
7/28/2018,2,7,101
7/29/2018,2,7,61
7/30/2018,2,7,93
7/31/2018,2,7,81
8/1/2018,2,7,64
8/2/2018,2,7,71
8/3/2018,2,7,84
8/4/2018,2,7,90
8/5/2018,2,7,42
8/6/2018,2,7,55
8/7/2018,2,7,54
8/8/2018,2,7,67
8/9/2018,2,7,88
8/10/2018,2,7,73
8/11/2018,2,7,91
8/12/2018,2,7,54
8/13/2018,2,7,69
8/14/2018,2,7,58
8/15/2018,2,7,50
8/16/2018,2,7,75
8/17/2018,2,7,76
8/18/2018,2,7,87
8/19/2018,2,7,63
8/20/2018,2,7,74
8/21/2018,2,7,67
8/22/2018,2,7,60
8/23/2018,2,7,67
8/24/2018,2,7,87
8/25/2018,2,7,97
8/26/2018,2,7,62
8/27/2018,2,7,60
8/28/2018,2,7,70
8/29/2018,2,7,67
8/30/2018,2,7,79
8/31/2018,2,7,74
9/1/2018,2,7,79
9/2/2018,2,7,51
9/3/2018,2,7,61
9/4/2018,2,7,71
9/5/2018,2,7,71
9/6/2018,2,7,71
9/7/2018,2,7,79
9/8/2018,2,7,81
9/9/2018,2,7,51
9/10/2018,2,7,60
9/11/2018,2,7,58
9/12/2018,2,7,61
9/13/2018,2,7,65
9/14/2018,2,7,74
9/15/2018,2,7,62
9/16/2018,2,7,52
9/17/2018,2,7,53
9/18/2018,2,7,59
9/19/2018,2,7,50
9/20/2018,2,7,68
9/21/2018,2,7,71
9/22/2018,2,7,82
9/23/2018,2,7,54
9/24/2018,2,7,59
9/25/2018,2,7,84
9/26/2018,2,7,73
9/27/2018,2,7,66
9/28/2018,2,7,80
9/29/2018,2,7,70
9/30/2018,2,7,46
10/1/2018,2,7,63
10/2/2018,2,7,60
10/3/2018,2,7,66
10/4/2018,2,7,68
10/5/2018,2,7,71
10/6/2018,2,7,65
10/7/2018,2,7,40
10/8/2018,2,7,50
10/9/2018,2,7,61
10/10/2018,2,7,59
10/11/2018,2,7,67
10/12/2018,2,7,81
10/13/2018,2,7,72
10/14/2018,2,7,46
10/15/2018,2,7,58
10/16/2018,2,7,67
10/17/2018,2,7,57
10/18/2018,2,7,64
10/19/2018,2,7,62
10/20/2018,2,7,76
10/21/2018,2,7,37
10/22/2018,2,7,59
10/23/2018,2,7,55
10/24/2018,2,7,70
10/25/2018,2,7,74
10/26/2018,2,7,73
10/27/2018,2,7,56
10/28/2018,2,7,50
10/29/2018,2,7,49
10/30/2018,2,7,54
10/31/2018,2,7,71
11/1/2018,2,7,52
11/2/2018,2,7,55
11/3/2018,2,7,62
11/4/2018,2,7,46
11/5/2018,2,7,51
11/6/2018,2,7,74
11/7/2018,2,7,73
11/8/2018,2,7,69
11/9/2018,2,7,89
11/10/2018,2,7,80
11/11/2018,2,7,59
11/12/2018,2,7,55
11/13/2018,2,7,67
11/14/2018,2,7,61
11/15/2018,2,7,66
11/16/2018,2,7,86
11/17/2018,2,7,99
11/18/2018,2,7,65
11/19/2018,2,7,67
11/20/2018,2,7,63
11/21/2018,2,7,75
11/22/2018,2,7,67
11/23/2018,2,7,76
11/24/2018,2,7,68
11/25/2018,2,7,58
11/26/2018,2,7,63
11/27/2018,2,7,54
11/28/2018,2,7,62
11/29/2018,2,7,71
11/30/2018,2,7,68
12/1/2018,2,7,42
12/2/2018,2,7,29
12/3/2018,2,7,42
12/4/2018,2,7,35
12/5/2018,2,7,46
12/6/2018,2,7,39
12/7/2018,2,7,56
12/8/2018,2,7,49
12/9/2018,2,7,35
12/10/2018,2,7,46
12/11/2018,2,7,46
12/12/2018,2,7,40
12/13/2018,2,7,44
12/14/2018,2,7,60
12/15/2018,2,7,45
12/16/2018,2,7,43
12/17/2018,2,7,39
12/18/2018,2,7,44
12/19/2018,2,7,45
12/20/2018,2,7,52
12/21/2018,2,7,49
12/22/2018,2,7,52
12/23/2018,2,7,48
12/24/2018,2,7,41
12/25/2018,2,7,53
12/26/2018,2,7,47
12/27/2018,2,7,48
12/28/2018,2,7,61
12/29/2018,2,7,51
12/30/2018,2,7,43
12/31/2018,2,7,30
1/1/2019,2,7,48
1/2/2019,2,7,50
1/3/2019,2,7,35
1/4/2019,2,7,50
1/5/2019,2,7,64
1/6/2019,2,7,36
1/7/2019,2,7,46
1/8/2019,2,7,59
1/9/2019,2,7,52
1/10/2019,2,7,49
1/11/2019,2,7,58
1/12/2019,2,7,55
1/13/2019,2,7,43
1/14/2019,2,7,37
1/15/2019,2,7,37
1/16/2019,2,7,47
1/17/2019,2,7,43
1/18/2019,2,7,57
1/19/2019,2,7,61
1/20/2019,2,7,39
1/21/2019,2,7,40
1/22/2019,2,7,48
1/23/2019,2,7,42
1/24/2019,2,7,56
1/25/2019,2,7,66
1/26/2019,2,7,58
1/27/2019,2,7,46
1/28/2019,2,7,51
1/29/2019,2,7,43
1/30/2019,2,7,66
1/31/2019,2,7,66
2/1/2019,2,7,54
2/2/2019,2,7,61
2/3/2019,2,7,41
2/4/2019,2,7,45
2/5/2019,2,7,57
2/6/2019,2,7,49
2/7/2019,2,7,60
2/8/2019,2,7,67
2/9/2019,2,7,71
2/10/2019,2,7,38
2/11/2019,2,7,50
2/12/2019,2,7,44
2/13/2019,2,7,64
2/14/2019,2,7,50
2/15/2019,2,7,48
2/16/2019,2,7,59
2/17/2019,2,7,47
2/18/2019,2,7,55
2/19/2019,2,7,43
2/20/2019,2,7,49
2/21/2019,2,7,56
2/22/2019,2,7,61
2/23/2019,2,7,69
2/24/2019,2,7,28
2/25/2019,2,7,48
2/26/2019,2,7,54
2/27/2019,2,7,48
2/28/2019,2,7,62
3/1/2019,2,7,74
3/2/2019,2,7,88
3/3/2019,2,7,49
3/4/2019,2,7,71
3/5/2019,2,7,61
3/6/2019,2,7,62
3/7/2019,2,7,55
3/8/2019,2,7,56
3/9/2019,2,7,73
3/10/2019,2,7,41
3/11/2019,2,7,59
3/12/2019,2,7,53
3/13/2019,2,7,70
3/14/2019,2,7,90
3/15/2019,2,7,70
3/16/2019,2,7,84
3/17/2019,2,7,58
3/18/2019,2,7,66
3/19/2019,2,7,54
3/20/2019,2,7,66
3/21/2019,2,7,81
3/22/2019,2,7,77
3/23/2019,2,7,88
3/24/2019,2,7,49
3/25/2019,2,7,50
3/26/2019,2,7,63
3/27/2019,2,7,74
3/28/2019,2,7,63
3/29/2019,2,7,74
3/30/2019,2,7,74
3/31/2019,2,7,51
4/1/2019,2,7,61
4/2/2019,2,7,68
4/3/2019,2,7,87
4/4/2019,2,7,69
4/5/2019,2,7,79
4/6/2019,2,7,87
4/7/2019,2,7,84
4/8/2019,2,7,78
4/9/2019,2,7,87
4/10/2019,2,7,87
4/11/2019,2,7,89
4/12/2019,2,7,87
4/13/2019,2,7,92
4/14/2019,2,7,66
4/15/2019,2,7,66
4/16/2019,2,7,75
4/17/2019,2,7,93
4/18/2019,2,7,75
4/19/2019,2,7,84
4/20/2019,2,7,92
4/21/2019,2,7,47
4/22/2019,2,7,76
4/23/2019,2,7,62
4/24/2019,2,7,76
4/25/2019,2,7,75
4/26/2019,2,7,99
4/27/2019,2,7,80
4/28/2019,2,7,54
4/29/2019,2,7,68
4/30/2019,2,7,66
5/1/2019,2,7,83
5/2/2019,2,7,82
5/3/2019,2,7,80
5/4/2019,2,7,93
5/5/2019,2,7,65
5/6/2019,2,7,87
5/7/2019,2,7,71
5/8/2019,2,7,90
5/9/2019,2,7,83
5/10/2019,2,7,97
5/11/2019,2,7,97
5/12/2019,2,7,59
5/13/2019,2,7,67
5/14/2019,2,7,73
5/15/2019,2,7,102
5/16/2019,2,7,87
5/17/2019,2,7,85
5/18/2019,2,7,83
5/19/2019,2,7,61
5/20/2019,2,7,89
5/21/2019,2,7,95
5/22/2019,2,7,73
5/23/2019,2,7,83
5/24/2019,2,7,79
5/25/2019,2,7,106
5/26/2019,2,7,53
5/27/2019,2,7,81
5/28/2019,2,7,84
5/29/2019,2,7,72
5/30/2019,2,7,93
5/31/2019,2,7,112
6/1/2019,2,7,102
6/2/2019,2,7,73
6/3/2019,2,7,79
6/4/2019,2,7,77
6/5/2019,2,7,88
6/6/2019,2,7,106
6/7/2019,2,7,112
6/8/2019,2,7,103
6/9/2019,2,7,57
6/10/2019,2,7,66
6/11/2019,2,7,85
6/12/2019,2,7,82
6/13/2019,2,7,71
6/14/2019,2,7,120
6/15/2019,2,7,101
6/16/2019,2,7,55
6/17/2019,2,7,86
6/18/2019,2,7,92
6/19/2019,2,7,86
6/20/2019,2,7,99
6/21/2019,2,7,103
6/22/2019,2,7,98
6/23/2019,2,7,64
6/24/2019,2,7,74
6/25/2019,2,7,72
6/26/2019,2,7,68
6/27/2019,2,7,101
6/28/2019,2,7,98
6/29/2019,2,7,92
6/30/2019,2,7,56
7/1/2019,2,7,90
7/2/2019,2,7,94
7/3/2019,2,7,83
7/4/2019,2,7,98
7/5/2019,2,7,88
7/6/2019,2,7,102
7/7/2019,2,7,66
7/8/2019,2,7,72
7/9/2019,2,7,70
7/10/2019,2,7,107
7/11/2019,2,7,105
7/12/2019,2,7,89
7/13/2019,2,7,92
7/14/2019,2,7,65
7/15/2019,2,7,88
7/16/2019,2,7,87
7/17/2019,2,7,94
7/18/2019,2,7,90
7/19/2019,2,7,96
7/20/2019,2,7,102
7/21/2019,2,7,54
7/22/2019,2,7,86
7/23/2019,2,7,100
7/24/2019,2,7,98
7/25/2019,2,7,112
7/26/2019,2,7,110
7/27/2019,2,7,123
7/28/2019,2,7,68
7/29/2019,2,7,86
7/30/2019,2,7,84
7/31/2019,2,7,84
8/1/2019,2,7,98
8/2/2019,2,7,110
8/3/2019,2,7,105
8/4/2019,2,7,65
8/5/2019,2,7,79
8/6/2019,2,7,79
8/7/2019,2,7,75
8/8/2019,2,7,98
8/9/2019,2,7,86
8/10/2019,2,7,97
8/11/2019,2,7,58
8/12/2019,2,7,71
8/13/2019,2,7,67
8/14/2019,2,7,73
8/15/2019,2,7,84
8/16/2019,2,7,91
8/17/2019,2,7,100
8/18/2019,2,7,54
8/19/2019,2,7,85
8/20/2019,2,7,83
8/21/2019,2,7,84
8/22/2019,2,7,80
8/23/2019,2,7,102
8/24/2019,2,7,93
8/25/2019,2,7,58
8/26/2019,2,7,71
8/27/2019,2,7,68
8/28/2019,2,7,95
8/29/2019,2,7,98
8/30/2019,2,7,99
8/31/2019,2,7,100
9/1/2019,2,7,62
9/2/2019,2,7,69
9/3/2019,2,7,70
9/4/2019,2,7,61
9/5/2019,2,7,75
9/6/2019,2,7,85
9/7/2019,2,7,92
9/8/2019,2,7,51
9/9/2019,2,7,80
9/10/2019,2,7,72
9/11/2019,2,7,67
9/12/2019,2,7,76
9/13/2019,2,7,83
9/14/2019,2,7,97
9/15/2019,2,7,60
9/16/2019,2,7,79
9/17/2019,2,7,78
9/18/2019,2,7,77
9/19/2019,2,7,77
9/20/2019,2,7,86
9/21/2019,2,7,87
9/22/2019,2,7,62
9/23/2019,2,7,70
9/24/2019,2,7,60
9/25/2019,2,7,62
9/26/2019,2,7,68
9/27/2019,2,7,74
9/28/2019,2,7,93
9/29/2019,2,7,68
9/30/2019,2,7,76
10/1/2019,2,7,70
10/2/2019,2,7,74
10/3/2019,2,7,82
10/4/2019,2,7,77
10/5/2019,2,7,72
10/6/2019,2,7,45
10/7/2019,2,7,52
10/8/2019,2,7,54
10/9/2019,2,7,69
10/10/2019,2,7,76
10/11/2019,2,7,77
10/12/2019,2,7,96
10/13/2019,2,7,79
10/14/2019,2,7,65
10/15/2019,2,7,62
10/16/2019,2,7,66
10/17/2019,2,7,89
10/18/2019,2,7,80
10/19/2019,2,7,68
10/20/2019,2,7,48
10/21/2019,2,7,75
10/22/2019,2,7,72
10/23/2019,2,7,87
10/24/2019,2,7,76
10/25/2019,2,7,77
10/26/2019,2,7,61
10/27/2019,2,7,58
10/28/2019,2,7,52
10/29/2019,2,7,51
10/30/2019,2,7,67
10/31/2019,2,7,87
11/1/2019,2,7,84
11/2/2019,2,7,89
11/3/2019,2,7,52
11/4/2019,2,7,72
11/5/2019,2,7,68
11/6/2019,2,7,82
11/7/2019,2,7,73
11/8/2019,2,7,89
11/9/2019,2,7,90
11/10/2019,2,7,67
11/11/2019,2,7,70
11/12/2019,2,7,67
11/13/2019,2,7,81
11/14/2019,2,7,73
11/15/2019,2,7,74
11/16/2019,2,7,92
11/17/2019,2,7,57
11/18/2019,2,7,76
11/19/2019,2,7,60
11/20/2019,2,7,63
11/21/2019,2,7,84
11/22/2019,2,7,92
11/23/2019,2,7,81
11/24/2019,2,7,54
11/25/2019,2,7,69
11/26/2019,2,7,54
11/27/2019,2,7,62
11/28/2019,2,7,81
11/29/2019,2,7,76
11/30/2019,2,7,89
12/1/2019,2,7,41
12/2/2019,2,7,47
12/3/2019,2,7,51
12/4/2019,2,7,38
12/5/2019,2,7,55
12/6/2019,2,7,72
12/7/2019,2,7,70
12/8/2019,2,7,43
12/9/2019,2,7,48
12/10/2019,2,7,48
12/11/2019,2,7,49
12/12/2019,2,7,55
12/13/2019,2,7,65
12/14/2019,2,7,58
12/15/2019,2,7,36
12/16/2019,2,7,52
12/17/2019,2,7,52
12/18/2019,2,7,76
12/19/2019,2,7,69
12/20/2019,2,7,50
12/21/2019,2,7,58
12/22/2019,2,7,37
12/23/2019,2,7,41
12/24/2019,2,7,36
12/25/2019,2,7,49
12/26/2019,2,7,49
12/27/2019,2,7,62
12/28/2019,2,7,76
12/29/2019,2,7,34
12/30/2019,2,7,52
12/31/2019,2,7,74
1/1/2020,2,7,47
1/2/2020,2,7,50
1/3/2020,2,7,46
1/4/2020,2,7,72
1/5/2020,2,7,42
1/6/2020,2,7,44
1/7/2020,2,7,50
1/8/2020,2,7,49
1/9/2020,2,7,60
1/10/2020,2,7,53
1/11/2020,2,7,54
1/12/2020,2,7,37
1/13/2020,2,7,41
1/14/2020,2,7,48
1/15/2020,2,7,40
1/16/2020,2,7,48
1/17/2020,2,7,47
1/18/2020,2,7,47
1/19/2020,2,7,42
1/20/2020,2,7,37
1/21/2020,2,7,49
1/22/2020,2,7,47
1/23/2020,2,7,55
1/24/2020,2,7,59
1/25/2020,2,7,54
1/26/2020,2,7,38
1/27/2020,2,7,50
1/28/2020,2,7,49
1/29/2020,2,7,53
1/30/2020,2,7,42
1/31/2020,2,7,61
2/1/2020,2,7,73
2/2/2020,2,7,50
2/3/2020,2,7,68
2/4/2020,2,7,58
2/5/2020,2,7,58
2/6/2020,2,7,61
2/7/2020,2,7,73
2/8/2020,2,7,72
2/9/2020,2,7,45
2/10/2020,2,7,39
2/11/2020,2,7,56
2/12/2020,2,7,61
2/13/2020,2,7,66
2/14/2020,2,7,72
2/15/2020,2,7,73
2/16/2020,2,7,54
2/17/2020,2,7,55
2/18/2020,2,7,67
2/19/2020,2,7,47
2/20/2020,2,7,70
2/21/2020,2,7,76
2/22/2020,2,7,56
2/23/2020,2,7,47
2/24/2020,2,7,39
2/25/2020,2,7,58
2/26/2020,2,7,46
2/27/2020,2,7,62
2/28/2020,2,7,59
3/1/2020,2,7,87
3/2/2020,2,7,53
3/3/2020,2,7,64
3/4/2020,2,7,65
3/5/2020,2,7,61
3/6/2020,2,7,72
3/7/2020,2,7,102
3/8/2020,2,7,61
3/9/2020,2,7,48
3/10/2020,2,7,75
3/11/2020,2,7,44
3/12/2020,2,7,67
3/13/2020,2,7,85
3/14/2020,2,7,79
3/15/2020,2,7,91
3/16/2020,2,7,70
3/17/2020,2,7,72
3/18/2020,2,7,56
3/19/2020,2,7,78
3/20/2020,2,7,66
3/21/2020,2,7,87
3/22/2020,2,7,75
3/23/2020,2,7,50
3/24/2020,2,7,62
3/25/2020,2,7,57
3/26/2020,2,7,74
3/27/2020,2,7,74
3/28/2020,2,7,81
3/29/2020,2,7,88
3/30/2020,2,7,51
3/31/2020,2,7,53
4/1/2020,2,7,74
4/2/2020,2,7,78
4/3/2020,2,7,82
4/4/2020,2,7,92
4/5/2020,2,7,90
4/6/2020,2,7,77
4/7/2020,2,7,69
4/8/2020,2,7,63
4/9/2020,2,7,71
4/10/2020,2,7,88
4/11/2020,2,7,100
4/12/2020,2,7,85
4/13/2020,2,7,77
4/14/2020,2,7,69
4/15/2020,2,7,76
4/16/2020,2,7,70
4/17/2020,2,7,65
4/18/2020,2,7,89
4/19/2020,2,7,89
4/20/2020,2,7,63
4/21/2020,2,7,76
4/22/2020,2,7,60
4/23/2020,2,7,87
4/24/2020,2,7,90
4/25/2020,2,7,109
4/26/2020,2,7,99
4/27/2020,2,7,66
4/28/2020,2,7,59
4/29/2020,2,7,64
4/30/2020,2,7,77
5/1/2020,2,7,80
5/2/2020,2,7,103
5/3/2020,2,7,96
5/4/2020,2,7,60
5/5/2020,2,7,86
5/6/2020,2,7,87
5/7/2020,2,7,85
5/8/2020,2,7,96
5/9/2020,2,7,97
5/10/2020,2,7,96
5/11/2020,2,7,60
5/12/2020,2,7,78
5/13/2020,2,7,69
5/14/2020,2,7,67
5/15/2020,2,7,86
5/16/2020,2,7,105
5/17/2020,2,7,100
5/18/2020,2,7,61
5/19/2020,2,7,82
5/20/2020,2,7,76
5/21/2020,2,7,77
5/22/2020,2,7,84
5/23/2020,2,7,90
5/24/2020,2,7,95
5/25/2020,2,7,62
5/26/2020,2,7,80
5/27/2020,2,7,72
5/28/2020,2,7,79
5/29/2020,2,7,108
5/30/2020,2,7,98
5/31/2020,2,7,96
6/1/2020,2,7,78
6/2/2020,2,7,86
6/3/2020,2,7,85
6/4/2020,2,7,83
6/5/2020,2,7,95
6/6/2020,2,7,101
6/7/2020,2,7,109
6/8/2020,2,7,70
6/9/2020,2,7,89
6/10/2020,2,7,94
6/11/2020,2,7,94
6/12/2020,2,7,93
6/13/2020,2,7,101
6/14/2020,2,7,135
6/15/2020,2,7,66
6/16/2020,2,7,93
6/17/2020,2,7,78
6/18/2020,2,7,96
6/19/2020,2,7,100
6/20/2020,2,7,90
6/21/2020,2,7,113
6/22/2020,2,7,57
6/23/2020,2,7,106
6/24/2020,2,7,85
6/25/2020,2,7,76
6/26/2020,2,7,114
6/27/2020,2,7,83
6/28/2020,2,7,97
6/29/2020,2,7,66
6/30/2020,2,7,91
7/1/2020,2,7,97
7/2/2020,2,7,95
7/3/2020,2,7,88
7/4/2020,2,7,129
7/5/2020,2,7,125
7/6/2020,2,7,75
7/7/2020,2,7,99
7/8/2020,2,7,86
7/9/2020,2,7,92
7/10/2020,2,7,90
7/11/2020,2,7,95
7/12/2020,2,7,110
7/13/2020,2,7,79
7/14/2020,2,7,74
7/15/2020,2,7,81
7/16/2020,2,7,85
7/17/2020,2,7,128
7/18/2020,2,7,108
7/19/2020,2,7,103
7/20/2020,2,7,64
7/21/2020,2,7,73
7/22/2020,2,7,95
7/23/2020,2,7,79
7/24/2020,2,7,107
7/25/2020,2,7,113
7/26/2020,2,7,102
7/27/2020,2,7,76
7/28/2020,2,7,91
7/29/2020,2,7,91
7/30/2020,2,7,83
7/31/2020,2,7,78
8/1/2020,2,7,112
8/2/2020,2,7,114
8/3/2020,2,7,70
8/4/2020,2,7,77
8/5/2020,2,7,97
8/6/2020,2,7,83
8/7/2020,2,7,87
8/8/2020,2,7,99
8/9/2020,2,7,94
8/10/2020,2,7,87
8/11/2020,2,7,91
8/12/2020,2,7,74
8/13/2020,2,7,85
8/14/2020,2,7,99
8/15/2020,2,7,105
8/16/2020,2,7,90
8/17/2020,2,7,84
8/18/2020,2,7,68
8/19/2020,2,7,76
8/20/2020,2,7,85
8/21/2020,2,7,88
8/22/2020,2,7,123
8/23/2020,2,7,85
8/24/2020,2,7,55
8/25/2020,2,7,90
8/26/2020,2,7,70
8/27/2020,2,7,78
8/28/2020,2,7,95
8/29/2020,2,7,82
8/30/2020,2,7,96
8/31/2020,2,7,77
9/1/2020,2,7,82
9/2/2020,2,7,67
9/3/2020,2,7,73
9/4/2020,2,7,88
9/5/2020,2,7,84
9/6/2020,2,7,87
9/7/2020,2,7,53
9/8/2020,2,7,67
9/9/2020,2,7,91
9/10/2020,2,7,85
9/11/2020,2,7,84
9/12/2020,2,7,87
9/13/2020,2,7,102
9/14/2020,2,7,66
9/15/2020,2,7,74
9/16/2020,2,7,69
9/17/2020,2,7,63
9/18/2020,2,7,85
9/19/2020,2,7,85
9/20/2020,2,7,91
9/21/2020,2,7,70
9/22/2020,2,7,72
9/23/2020,2,7,74
9/24/2020,2,7,64
9/25/2020,2,7,84
9/26/2020,2,7,87
9/27/2020,2,7,101
9/28/2020,2,7,78
9/29/2020,2,7,73
9/30/2020,2,7,75
10/1/2020,2,7,72
10/2/2020,2,7,71
10/3/2020,2,7,78
10/4/2020,2,7,77
10/5/2020,2,7,54
10/6/2020,2,7,65
10/7/2020,2,7,63
10/8/2020,2,7,55
10/9/2020,2,7,79
10/10/2020,2,7,84
10/11/2020,2,7,84
10/12/2020,2,7,65
10/13/2020,2,7,65
10/14/2020,2,7,73
10/15/2020,2,7,65
10/16/2020,2,7,80
10/17/2020,2,7,79
10/18/2020,2,7,98
10/19/2020,2,7,68
10/20/2020,2,7,62
10/21/2020,2,7,67
10/22/2020,2,7,76
10/23/2020,2,7,82
10/24/2020,2,7,81
10/25/2020,2,7,91
10/26/2020,2,7,67
10/27/2020,2,7,83
10/28/2020,2,7,62
10/29/2020,2,7,80
10/30/2020,2,7,60
10/31/2020,2,7,91
11/1/2020,2,7,96
11/2/2020,2,7,52
11/3/2020,2,7,78
11/4/2020,2,7,85
11/5/2020,2,7,72
11/6/2020,2,7,85
11/7/2020,2,7,102
11/8/2020,2,7,92
11/9/2020,2,7,52
11/10/2020,2,7,65
11/11/2020,2,7,86
11/12/2020,2,7,80
11/13/2020,2,7,69
11/14/2020,2,7,95
11/15/2020,2,7,86
11/16/2020,2,7,71
11/17/2020,2,7,73
11/18/2020,2,7,78
11/19/2020,2,7,76
11/20/2020,2,7,76
11/21/2020,2,7,92
11/22/2020,2,7,94
11/23/2020,2,7,73
11/24/2020,2,7,65
11/25/2020,2,7,83
11/26/2020,2,7,68
11/27/2020,2,7,79
11/28/2020,2,7,91
11/29/2020,2,7,90
11/30/2020,2,7,64
12/1/2020,2,7,52
12/2/2020,2,7,51
12/3/2020,2,7,48
12/4/2020,2,7,64
12/5/2020,2,7,57
12/6/2020,2,7,72
12/7/2020,2,7,33
12/8/2020,2,7,52
12/9/2020,2,7,56
12/10/2020,2,7,53
12/11/2020,2,7,55
12/12/2020,2,7,62
12/13/2020,2,7,52
12/14/2020,2,7,48
12/15/2020,2,7,65
12/16/2020,2,7,43
12/17/2020,2,7,57
12/18/2020,2,7,53
12/19/2020,2,7,62
12/20/2020,2,7,70
12/21/2020,2,7,45
12/22/2020,2,7,55
12/23/2020,2,7,48
12/24/2020,2,7,49
12/25/2020,2,7,44
12/26/2020,2,7,55
12/27/2020,2,7,63
12/28/2020,2,7,49
12/29/2020,2,7,57
12/30/2020,2,7,49
12/31/2020,2,7,67
1/1/2021,2,7,60
1/2/2021,2,7,64
1/3/2021,2,7,74
1/4/2021,2,7,43
1/5/2021,2,7,51
1/6/2021,2,7,51
1/7/2021,2,7,57
1/8/2021,2,7,45
1/9/2021,2,7,62
1/10/2021,2,7,51
1/11/2021,2,7,46
1/12/2021,2,7,62
1/13/2021,2,7,47
1/14/2021,2,7,63
1/15/2021,2,7,63
1/16/2021,2,7,54
1/17/2021,2,7,58
1/18/2021,2,7,45
1/19/2021,2,7,55
1/20/2021,2,7,43
1/21/2021,2,7,59
1/22/2021,2,7,49
1/23/2021,2,7,55
1/24/2021,2,7,73
1/25/2021,2,7,48
1/26/2021,2,7,53
1/27/2021,2,7,50
1/28/2021,2,7,55
1/29/2021,2,7,57
1/30/2021,2,7,57
1/31/2021,2,7,54
2/1/2021,2,7,40
2/2/2021,2,7,59
2/3/2021,2,7,59
2/4/2021,2,7,61
2/5/2021,2,7,57
2/6/2021,2,7,69
2/7/2021,2,7,89
2/8/2021,2,7,46
2/9/2021,2,7,45
2/10/2021,2,7,48
2/11/2021,2,7,40
2/12/2021,2,7,57
2/13/2021,2,7,66
2/14/2021,2,7,78
2/15/2021,2,7,41
2/16/2021,2,7,54
2/17/2021,2,7,64
2/18/2021,2,7,59
2/19/2021,2,7,62
2/20/2021,2,7,60
2/21/2021,2,7,66
2/22/2021,2,7,51
2/23/2021,2,7,54
2/24/2021,2,7,60
2/25/2021,2,7,68
2/26/2021,2,7,67
2/27/2021,2,7,74
2/28/2021,2,7,85
2/29/2021,2,7,49
3/1/2021,2,7,65
3/2/2021,2,7,63
3/3/2021,2,7,65
3/4/2021,2,7,89
3/5/2021,2,7,102
3/6/2021,2,7,90
3/7/2021,2,7,55
3/8/2021,2,7,62
3/9/2021,2,7,61
3/10/2021,2,7,65
3/11/2021,2,7,64
3/12/2021,2,7,95
3/13/2021,2,7,72
3/14/2021,2,7,50
3/15/2021,2,7,92
3/16/2021,2,7,58
3/17/2021,2,7,96
3/18/2021,2,7,69
3/19/2021,2,7,78
3/20/2021,2,7,75
3/21/2021,2,7,58
3/22/2021,2,7,78
3/23/2021,2,7,73
3/24/2021,2,7,69
3/25/2021,2,7,68
3/26/2021,2,7,77
3/27/2021,2,7,106
3/28/2021,2,7,58
3/29/2021,2,7,68
3/30/2021,2,7,71
3/31/2021,2,7,63
4/1/2021,2,7,120
4/2/2021,2,7,101
4/3/2021,2,7,130
4/4/2021,2,7,50
4/5/2021,2,7,87
4/6/2021,2,7,77
4/7/2021,2,7,89
4/8/2021,2,7,101
4/9/2021,2,7,87
4/10/2021,2,7,109
4/11/2021,2,7,79
4/12/2021,2,7,102
4/13/2021,2,7,79
4/14/2021,2,7,75
4/15/2021,2,7,81
4/16/2021,2,7,89
4/17/2021,2,7,101
4/18/2021,2,7,68
4/19/2021,2,7,91
4/20/2021,2,7,84
4/21/2021,2,7,68
4/22/2021,2,7,93
4/23/2021,2,7,101
4/24/2021,2,7,111
4/25/2021,2,7,71
4/26/2021,2,7,81
4/27/2021,2,7,90
4/28/2021,2,7,84
4/29/2021,2,7,74
4/30/2021,2,7,101
5/1/2021,2,7,104
5/2/2021,2,7,72
5/3/2021,2,7,89
5/4/2021,2,7,80
5/5/2021,2,7,100
5/6/2021,2,7,103
5/7/2021,2,7,85
5/8/2021,2,7,125
5/9/2021,2,7,62
5/10/2021,2,7,87
5/11/2021,2,7,73
5/12/2021,2,7,92
5/13/2021,2,7,105
5/14/2021,2,7,95
5/15/2021,2,7,100
5/16/2021,2,7,63
5/17/2021,2,7,72
5/18/2021,2,7,89
5/19/2021,2,7,98
5/20/2021,2,7,108
5/21/2021,2,7,113
5/22/2021,2,7,99
5/23/2021,2,7,77
5/24/2021,2,7,82
5/25/2021,2,7,83
5/26/2021,2,7,89
5/27/2021,2,7,106
5/28/2021,2,7,85
5/29/2021,2,7,124
5/30/2021,2,7,56
5/31/2021,2,7,89
6/1/2021,2,7,84
6/2/2021,2,7,104
6/3/2021,2,7,102
6/4/2021,2,7,112
6/5/2021,2,7,127
6/6/2021,2,7,89
6/7/2021,2,7,80
6/8/2021,2,7,93
6/9/2021,2,7,101
6/10/2021,2,7,92
6/11/2021,2,7,113
6/12/2021,2,7,107
6/13/2021,2,7,78
6/14/2021,2,7,97
6/15/2021,2,7,89
6/16/2021,2,7,113
6/17/2021,2,7,116
6/18/2021,2,7,84
6/19/2021,2,7,118
6/20/2021,2,7,87
6/21/2021,2,7,95
6/22/2021,2,7,112
6/23/2021,2,7,95
6/24/2021,2,7,114
6/25/2021,2,7,107
6/26/2021,2,7,100
6/27/2021,2,7,85
6/28/2021,2,7,89
6/29/2021,2,7,101
6/30/2021,2,7,105
7/1/2021,2,7,99
7/2/2021,2,7,131
7/3/2021,2,7,121
7/4/2021,2,7,71
7/5/2021,2,7,100
7/6/2021,2,7,107
7/7/2021,2,7,91
7/8/2021,2,7,107
7/9/2021,2,7,123
7/10/2021,2,7,128
7/11/2021,2,7,74
7/12/2021,2,7,90
7/13/2021,2,7,98
7/14/2021,2,7,114
7/15/2021,2,7,108
7/16/2021,2,7,128
7/17/2021,2,7,123
7/18/2021,2,7,86
7/19/2021,2,7,91
7/20/2021,2,7,104
7/21/2021,2,7,106
7/22/2021,2,7,110
7/23/2021,2,7,116
7/24/2021,2,7,129
7/25/2021,2,7,90
7/26/2021,2,7,95
7/27/2021,2,7,97
7/28/2021,2,7,107
7/29/2021,2,7,109
7/30/2021,2,7,101
7/31/2021,2,7,121
8/1/2021,2,7,73
8/2/2021,2,7,90
8/3/2021,2,7,90
8/4/2021,2,7,89
8/5/2021,2,7,84
8/6/2021,2,7,106
8/7/2021,2,7,115
8/8/2021,2,7,62
8/9/2021,2,7,87
8/10/2021,2,7,84
8/11/2021,2,7,87
8/12/2021,2,7,85
8/13/2021,2,7,95
8/14/2021,2,7,126
8/15/2021,2,7,78
8/16/2021,2,7,68
8/17/2021,2,7,69
8/18/2021,2,7,84
8/19/2021,2,7,93
8/20/2021,2,7,106
8/21/2021,2,7,125
8/22/2021,2,7,84
8/23/2021,2,7,67
8/24/2021,2,7,86
8/25/2021,2,7,92
8/26/2021,2,7,94
8/27/2021,2,7,115
8/28/2021,2,7,112
8/29/2021,2,7,68
8/30/2021,2,7,84
8/31/2021,2,7,72
9/1/2021,2,7,105
9/2/2021,2,7,86
9/3/2021,2,7,103
9/4/2021,2,7,106
9/5/2021,2,7,59
9/6/2021,2,7,73
9/7/2021,2,7,57
9/8/2021,2,7,87
9/9/2021,2,7,90
9/10/2021,2,7,97
9/11/2021,2,7,96
9/12/2021,2,7,59
9/13/2021,2,7,81
9/14/2021,2,7,97
9/15/2021,2,7,101
9/16/2021,2,7,110
9/17/2021,2,7,101
9/18/2021,2,7,105
9/19/2021,2,7,62
9/20/2021,2,7,90
9/21/2021,2,7,90
9/22/2021,2,7,77
9/23/2021,2,7,93
9/24/2021,2,7,103
9/25/2021,2,7,94
9/26/2021,2,7,60
9/27/2021,2,7,75
9/28/2021,2,7,83
9/29/2021,2,7,96
9/30/2021,2,7,94
10/1/2021,2,7,98
10/2/2021,2,7,89
10/3/2021,2,7,70
10/4/2021,2,7,75
10/5/2021,2,7,84
10/6/2021,2,7,90
10/7/2021,2,7,83
10/8/2021,2,7,102
10/9/2021,2,7,80
10/10/2021,2,7,57
10/11/2021,2,7,74
10/12/2021,2,7,90
10/13/2021,2,7,76
10/14/2021,2,7,89
10/15/2021,2,7,101
10/16/2021,2,7,91
10/17/2021,2,7,51
10/18/2021,2,7,71
10/19/2021,2,7,84
10/20/2021,2,7,59
10/21/2021,2,7,85
10/22/2021,2,7,101
10/23/2021,2,7,93
10/24/2021,2,7,55
10/25/2021,2,7,92
10/26/2021,2,7,72
10/27/2021,2,7,94
10/28/2021,2,7,104
10/29/2021,2,7,97
10/30/2021,2,7,87
10/31/2021,2,7,57
11/1/2021,2,7,62
11/2/2021,2,7,74
11/3/2021,2,7,71
11/4/2021,2,7,78
11/5/2021,2,7,102
11/6/2021,2,7,108
11/7/2021,2,7,73
11/8/2021,2,7,78
11/9/2021,2,7,83
11/10/2021,2,7,82
11/11/2021,2,7,79
11/12/2021,2,7,98
11/13/2021,2,7,110
11/14/2021,2,7,77
11/15/2021,2,7,90
11/16/2021,2,7,90
11/17/2021,2,7,80
11/18/2021,2,7,97
11/19/2021,2,7,98
11/20/2021,2,7,104
11/21/2021,2,7,61
11/22/2021,2,7,70
11/23/2021,2,7,76
11/24/2021,2,7,90
11/25/2021,2,7,78
11/26/2021,2,7,83
11/27/2021,2,7,90
11/28/2021,2,7,80
11/29/2021,2,7,92
11/30/2021,2,7,85
12/1/2021,2,7,59
12/2/2021,2,7,64
12/3/2021,2,7,64
12/4/2021,2,7,72
12/5/2021,2,7,45
12/6/2021,2,7,46
12/7/2021,2,7,72
12/8/2021,2,7,60
12/9/2021,2,7,75
12/10/2021,2,7,65
12/11/2021,2,7,72
12/12/2021,2,7,42
12/13/2021,2,7,37
12/14/2021,2,7,58
12/15/2021,2,7,83
12/16/2021,2,7,71
12/17/2021,2,7,61
12/18/2021,2,7,87
12/19/2021,2,7,49
12/20/2021,2,7,47
12/21/2021,2,7,61
12/22/2021,2,7,57
12/23/2021,2,7,55
12/24/2021,2,7,89
12/25/2021,2,7,64
12/26/2021,2,7,58
12/27/2021,2,7,57
12/28/2021,2,7,53
12/29/2021,2,7,57
12/30/2021,2,7,53
12/31/2021,2,7,62
1/1/2022,2,7,66
1/2/2022,2,7,48
1/3/2022,2,7,59
1/4/2022,2,7,48
1/5/2022,2,7,54
1/6/2022,2,7,71
1/7/2022,2,7,62
1/8/2022,2,7,79
1/9/2022,2,7,46
1/10/2022,2,7,57
1/11/2022,2,7,58
1/12/2022,2,7,55
1/13/2022,2,7,55
1/14/2022,2,7,74
1/15/2022,2,7,77
1/16/2022,2,7,47
1/17/2022,2,7,55
1/18/2022,2,7,46
1/19/2022,2,7,43
1/20/2022,2,7,68
1/21/2022,2,7,62
1/22/2022,2,7,72
1/23/2022,2,7,30
1/24/2022,2,7,59
1/25/2022,2,7,64
1/26/2022,2,7,49
1/27/2022,2,7,67
1/28/2022,2,7,74
1/29/2022,2,7,55
1/30/2022,2,7,48
1/31/2022,2,7,52
2/1/2022,2,7,61
2/2/2022,2,7,58
2/3/2022,2,7,62
2/4/2022,2,7,64
2/5/2022,2,7,79
2/6/2022,2,7,39
2/7/2022,2,7,54
2/8/2022,2,7,73
2/9/2022,2,7,64
2/10/2022,2,7,56
2/11/2022,2,7,72
2/12/2022,2,7,72
2/13/2022,2,7,49
2/14/2022,2,7,57
2/15/2022,2,7,48
2/16/2022,2,7,68
2/17/2022,2,7,66
2/18/2022,2,7,81
2/19/2022,2,7,75
2/20/2022,2,7,45
2/21/2022,2,7,60
2/22/2022,2,7,55
2/23/2022,2,7,71
2/24/2022,2,7,64
2/25/2022,2,7,73
2/26/2022,2,7,77
2/27/2022,2,7,43
2/28/2022,2,7,49
3/1/2022,2,7,75
3/2/2022,2,7,70
3/3/2022,2,7,98
3/4/2022,2,7,82
3/5/2022,2,7,81
3/6/2022,2,7,62
3/7/2022,2,7,59
3/8/2022,2,7,63
3/9/2022,2,7,78
3/10/2022,2,7,75
3/11/2022,2,7,95
3/12/2022,2,7,102
3/13/2022,2,7,64
3/14/2022,2,7,85
3/15/2022,2,7,70
3/16/2022,2,7,89
3/17/2022,2,7,83
3/18/2022,2,7,72
3/19/2022,2,7,96
3/20/2022,2,7,69
3/21/2022,2,7,83
3/22/2022,2,7,66
3/23/2022,2,7,75
3/24/2022,2,7,83
3/25/2022,2,7,99
3/26/2022,2,7,76
3/27/2022,2,7,66
3/28/2022,2,7,76
3/29/2022,2,7,77
3/30/2022,2,7,56
3/31/2022,2,7,82
4/1/2022,2,7,93
4/2/2022,2,7,102
4/3/2022,2,7,84
4/4/2022,2,7,73
4/5/2022,2,7,74
4/6/2022,2,7,98
4/7/2022,2,7,109
4/8/2022,2,7,110
4/9/2022,2,7,102
4/10/2022,2,7,56
4/11/2022,2,7,69
4/12/2022,2,7,96
4/13/2022,2,7,98
4/14/2022,2,7,82
4/15/2022,2,7,92
4/16/2022,2,7,96
4/17/2022,2,7,59
4/18/2022,2,7,73
4/19/2022,2,7,60
4/20/2022,2,7,99
4/21/2022,2,7,82
4/22/2022,2,7,102
4/23/2022,2,7,96
4/24/2022,2,7,79
4/25/2022,2,7,76
4/26/2022,2,7,63
4/27/2022,2,7,76
4/28/2022,2,7,109
4/29/2022,2,7,98
4/30/2022,2,7,92
5/1/2022,2,7,73
5/2/2022,2,7,103
5/3/2022,2,7,85
5/4/2022,2,7,106
5/5/2022,2,7,99
5/6/2022,2,7,116
5/7/2022,2,7,124
5/8/2022,2,7,91
5/9/2022,2,7,76
5/10/2022,2,7,97
5/11/2022,2,7,106
5/12/2022,2,7,107
5/13/2022,2,7,118
5/14/2022,2,7,114
5/15/2022,2,7,49
5/16/2022,2,7,90
5/17/2022,2,7,113
5/18/2022,2,7,88
5/19/2022,2,7,96
5/20/2022,2,7,122
5/21/2022,2,7,130
5/22/2022,2,7,75
5/23/2022,2,7,95
5/24/2022,2,7,97
5/25/2022,2,7,103
5/26/2022,2,7,95
5/27/2022,2,7,90
5/28/2022,2,7,98
5/29/2022,2,7,71
5/30/2022,2,7,79
5/31/2022,2,7,80
6/1/2022,2,7,104
6/2/2022,2,7,106
6/3/2022,2,7,110
6/4/2022,2,7,122
6/5/2022,2,7,83
6/6/2022,2,7,100
6/7/2022,2,7,97
6/8/2022,2,7,95
6/9/2022,2,7,96
6/10/2022,2,7,105
6/11/2022,2,7,93
6/12/2022,2,7,74
6/13/2022,2,7,103
6/14/2022,2,7,102
6/15/2022,2,7,105
6/16/2022,2,7,97
6/17/2022,2,7,115
6/18/2022,2,7,127
6/19/2022,2,7,84
6/20/2022,2,7,98
6/21/2022,2,7,89
6/22/2022,2,7,111
6/23/2022,2,7,112
6/24/2022,2,7,108
6/25/2022,2,7,123
6/26/2022,2,7,79
6/27/2022,2,7,90
6/28/2022,2,7,102
6/29/2022,2,7,84
6/30/2022,2,7,119
7/1/2022,2,7,115
7/2/2022,2,7,130
7/3/2022,2,7,93
7/4/2022,2,7,101
7/5/2022,2,7,104
7/6/2022,2,7,112
7/7/2022,2,7,95
7/8/2022,2,7,128
7/9/2022,2,7,117
7/10/2022,2,7,83
7/11/2022,2,7,99
7/12/2022,2,7,101
7/13/2022,2,7,103
7/14/2022,2,7,128
7/15/2022,2,7,126
7/16/2022,2,7,109
7/17/2022,2,7,104
7/18/2022,2,7,89
7/19/2022,2,7,84
7/20/2022,2,7,116
7/21/2022,2,7,114
7/22/2022,2,7,139
7/23/2022,2,7,134
7/24/2022,2,7,70
7/25/2022,2,7,112
7/26/2022,2,7,101
7/27/2022,2,7,112
7/28/2022,2,7,119
7/29/2022,2,7,113
7/30/2022,2,7,133
7/31/2022,2,7,93
8/1/2022,2,7,91
8/2/2022,2,7,85
8/3/2022,2,7,84
8/4/2022,2,7,90
8/5/2022,2,7,106
8/6/2022,2,7,107
8/7/2022,2,7,86
8/8/2022,2,7,94
8/9/2022,2,7,86
8/10/2022,2,7,112
8/11/2022,2,7,109
8/12/2022,2,7,98
8/13/2022,2,7,124
8/14/2022,2,7,71
8/15/2022,2,7,96
8/16/2022,2,7,81
8/17/2022,2,7,103
8/18/2022,2,7,89
8/19/2022,2,7,108
8/20/2022,2,7,111
8/21/2022,2,7,84
8/22/2022,2,7,93
8/23/2022,2,7,79
8/24/2022,2,7,106
8/25/2022,2,7,88
8/26/2022,2,7,119
8/27/2022,2,7,120
8/28/2022,2,7,92
8/29/2022,2,7,81
8/30/2022,2,7,124
8/31/2022,2,7,91
9/1/2022,2,7,103
9/2/2022,2,7,112
9/3/2022,2,7,84
9/4/2022,2,7,83
9/5/2022,2,7,82
9/6/2022,2,7,77
9/7/2022,2,7,94
9/8/2022,2,7,94
9/9/2022,2,7,104
9/10/2022,2,7,129
9/11/2022,2,7,67
9/12/2022,2,7,79
9/13/2022,2,7,81
9/14/2022,2,7,92
9/15/2022,2,7,92
9/16/2022,2,7,95
9/17/2022,2,7,102
9/18/2022,2,7,73
9/19/2022,2,7,69
9/20/2022,2,7,75
9/21/2022,2,7,74
9/22/2022,2,7,93
9/23/2022,2,7,103
9/24/2022,2,7,102
9/25/2022,2,7,78
9/26/2022,2,7,86
9/27/2022,2,7,76
9/28/2022,2,7,79
9/29/2022,2,7,91
9/30/2022,2,7,89
10/1/2022,2,7,116
10/2/2022,2,7,58
10/3/2022,2,7,69
10/4/2022,2,7,81
10/5/2022,2,7,91
10/6/2022,2,7,77
10/7/2022,2,7,77
10/8/2022,2,7,101
10/9/2022,2,7,59
10/10/2022,2,7,64
10/11/2022,2,7,72
10/12/2022,2,7,96
10/13/2022,2,7,83
10/14/2022,2,7,106
10/15/2022,2,7,103
10/16/2022,2,7,74
10/17/2022,2,7,78
10/18/2022,2,7,82
10/19/2022,2,7,62
10/20/2022,2,7,87
10/21/2022,2,7,101
10/22/2022,2,7,95
10/23/2022,2,7,76
10/24/2022,2,7,80
10/25/2022,2,7,76
10/26/2022,2,7,70
10/27/2022,2,7,92
10/28/2022,2,7,99
10/29/2022,2,7,91
10/30/2022,2,7,62
10/31/2022,2,7,79
11/1/2022,2,7,72
11/2/2022,2,7,91
11/3/2022,2,7,90
11/4/2022,2,7,95
11/5/2022,2,7,125
11/6/2022,2,7,76
11/7/2022,2,7,84
11/8/2022,2,7,83
11/9/2022,2,7,68
11/10/2022,2,7,86
11/11/2022,2,7,99
11/12/2022,2,7,103
11/13/2022,2,7,79
11/14/2022,2,7,93
11/15/2022,2,7,94
11/16/2022,2,7,85
11/17/2022,2,7,94
11/18/2022,2,7,111
11/19/2022,2,7,94
11/20/2022,2,7,76
11/21/2022,2,7,71
11/22/2022,2,7,90
11/23/2022,2,7,87
11/24/2022,2,7,102
11/25/2022,2,7,110
11/26/2022,2,7,106
11/27/2022,2,7,75
11/28/2022,2,7,63
11/29/2022,2,7,93
11/30/2022,2,7,67
12/1/2022,2,7,62
12/2/2022,2,7,73
12/3/2022,2,7,75
12/4/2022,2,7,47
12/5/2022,2,7,58
12/6/2022,2,7,47
12/7/2022,2,7,56
12/8/2022,2,7,78
12/9/2022,2,7,68
12/10/2022,2,7,79
12/11/2022,2,7,42
12/12/2022,2,7,66
12/13/2022,2,7,63
12/14/2022,2,7,52
12/15/2022,2,7,53
12/16/2022,2,7,71
12/17/2022,2,7,78
12/18/2022,2,7,52
12/19/2022,2,7,61
12/20/2022,2,7,44
12/21/2022,2,7,73
12/22/2022,2,7,69
12/23/2022,2,7,71
12/24/2022,2,7,84
12/25/2022,2,7,56
12/26/2022,2,7,55
12/27/2022,2,7,65
12/28/2022,2,7,73
12/29/2022,2,7,69
12/30/2022,2,7,72
12/31/2022,2,7,70
1/1/2018,3,7,40
1/2/2018,3,7,36
1/3/2018,3,7,36
1/4/2018,3,7,38
1/5/2018,3,7,31
1/6/2018,3,7,35
1/7/2018,3,7,27
1/8/2018,3,7,35
1/9/2018,3,7,47
1/10/2018,3,7,41
1/11/2018,3,7,34
1/12/2018,3,7,42
1/13/2018,3,7,43
1/14/2018,3,7,33
1/15/2018,3,7,41
1/16/2018,3,7,33
1/17/2018,3,7,35
1/18/2018,3,7,41
1/19/2018,3,7,48
1/20/2018,3,7,46
1/21/2018,3,7,22
1/22/2018,3,7,32
1/23/2018,3,7,37
1/24/2018,3,7,35
1/25/2018,3,7,40
1/26/2018,3,7,38
1/27/2018,3,7,52
1/28/2018,3,7,28
1/29/2018,3,7,38
1/30/2018,3,7,38
1/31/2018,3,7,35
2/1/2018,3,7,45
2/2/2018,3,7,43
2/3/2018,3,7,53
2/4/2018,3,7,33
2/5/2018,3,7,31
2/6/2018,3,7,31
2/7/2018,3,7,29
2/8/2018,3,7,45
2/9/2018,3,7,42
2/10/2018,3,7,51
2/11/2018,3,7,30
2/12/2018,3,7,39
2/13/2018,3,7,40
2/14/2018,3,7,45
2/15/2018,3,7,41
2/16/2018,3,7,38
2/17/2018,3,7,55
2/18/2018,3,7,33
2/19/2018,3,7,33
2/20/2018,3,7,32
2/21/2018,3,7,41
2/22/2018,3,7,48
2/23/2018,3,7,48
2/24/2018,3,7,54
2/25/2018,3,7,27
2/26/2018,3,7,41
2/27/2018,3,7,35
2/28/2018,3,7,38
3/1/2018,3,7,42
3/2/2018,3,7,41
3/3/2018,3,7,54
3/4/2018,3,7,33
3/5/2018,3,7,46
3/6/2018,3,7,41
3/7/2018,3,7,69
3/8/2018,3,7,51
3/9/2018,3,7,61
3/10/2018,3,7,40
3/11/2018,3,7,45
3/12/2018,3,7,45
3/13/2018,3,7,54
3/14/2018,3,7,54
3/15/2018,3,7,41
3/16/2018,3,7,57
3/17/2018,3,7,54
3/18/2018,3,7,35
3/19/2018,3,7,35
3/20/2018,3,7,37
3/21/2018,3,7,44
3/22/2018,3,7,60
3/23/2018,3,7,60
3/24/2018,3,7,68
3/25/2018,3,7,34
3/26/2018,3,7,35
3/27/2018,3,7,48
3/28/2018,3,7,52
3/29/2018,3,7,48
3/30/2018,3,7,51
3/31/2018,3,7,61
4/1/2018,3,7,40
4/2/2018,3,7,40
4/3/2018,3,7,50
4/4/2018,3,7,63
4/5/2018,3,7,71
4/6/2018,3,7,65
4/7/2018,3,7,71
4/8/2018,3,7,42
4/9/2018,3,7,63
4/10/2018,3,7,60
4/11/2018,3,7,63
4/12/2018,3,7,69
4/13/2018,3,7,64
4/14/2018,3,7,83
4/15/2018,3,7,43
4/16/2018,3,7,55
4/17/2018,3,7,59
4/18/2018,3,7,55
4/19/2018,3,7,70
4/20/2018,3,7,61
4/21/2018,3,7,72
4/22/2018,3,7,53
4/23/2018,3,7,55
4/24/2018,3,7,55
4/25/2018,3,7,50
4/26/2018,3,7,64
4/27/2018,3,7,58
4/28/2018,3,7,71
4/29/2018,3,7,44
4/30/2018,3,7,60
5/1/2018,3,7,46
5/2/2018,3,7,64
5/3/2018,3,7,56
5/4/2018,3,7,76
5/5/2018,3,7,60
5/6/2018,3,7,51
5/7/2018,3,7,45
5/8/2018,3,7,46
5/9/2018,3,7,64
5/10/2018,3,7,64
5/11/2018,3,7,72
5/12/2018,3,7,75
5/13/2018,3,7,51
5/14/2018,3,7,61
5/15/2018,3,7,44
5/16/2018,3,7,67
5/17/2018,3,7,62
5/18/2018,3,7,73
5/19/2018,3,7,78
5/20/2018,3,7,50
5/21/2018,3,7,52
5/22/2018,3,7,63
5/23/2018,3,7,61
5/24/2018,3,7,60
5/25/2018,3,7,65
5/26/2018,3,7,71
5/27/2018,3,7,54
5/28/2018,3,7,75
5/29/2018,3,7,62
5/30/2018,3,7,57
5/31/2018,3,7,63
6/1/2018,3,7,63
6/2/2018,3,7,92
6/3/2018,3,7,47
6/4/2018,3,7,66
6/5/2018,3,7,58
6/6/2018,3,7,78
6/7/2018,3,7,63
6/8/2018,3,7,86
6/9/2018,3,7,72
6/10/2018,3,7,62
6/11/2018,3,7,71
6/12/2018,3,7,61
6/13/2018,3,7,66
6/14/2018,3,7,64
6/15/2018,3,7,81
6/16/2018,3,7,85
6/17/2018,3,7,60
6/18/2018,3,7,64
6/19/2018,3,7,63
6/20/2018,3,7,60
6/21/2018,3,7,53
6/22/2018,3,7,70
6/23/2018,3,7,79
6/24/2018,3,7,51
6/25/2018,3,7,73
6/26/2018,3,7,60
6/27/2018,3,7,73
6/28/2018,3,7,65
6/29/2018,3,7,51
6/30/2018,3,7,91
7/1/2018,3,7,59
7/2/2018,3,7,74
7/3/2018,3,7,71
7/4/2018,3,7,77
7/5/2018,3,7,83
7/6/2018,3,7,88
7/7/2018,3,7,66
7/8/2018,3,7,70
7/9/2018,3,7,52
7/10/2018,3,7,64
7/11/2018,3,7,73
7/12/2018,3,7,89
7/13/2018,3,7,75
7/14/2018,3,7,102
7/15/2018,3,7,54
7/16/2018,3,7,80
7/17/2018,3,7,66
7/18/2018,3,7,64
7/19/2018,3,7,84
7/20/2018,3,7,84
7/21/2018,3,7,67
7/22/2018,3,7,58
7/23/2018,3,7,56
7/24/2018,3,7,62
7/25/2018,3,7,77
7/26/2018,3,7,69
7/27/2018,3,7,80
7/28/2018,3,7,75
7/29/2018,3,7,55
7/30/2018,3,7,85
7/31/2018,3,7,77
8/1/2018,3,7,69
8/2/2018,3,7,63
8/3/2018,3,7,64
8/4/2018,3,7,66
8/5/2018,3,7,46
8/6/2018,3,7,58
8/7/2018,3,7,75
8/8/2018,3,7,60
8/9/2018,3,7,65
8/10/2018,3,7,70
8/11/2018,3,7,80
8/12/2018,3,7,44
8/13/2018,3,7,49
8/14/2018,3,7,62
8/15/2018,3,7,67
8/16/2018,3,7,76
8/17/2018,3,7,83
8/18/2018,3,7,75
8/19/2018,3,7,48
8/20/2018,3,7,41
8/21/2018,3,7,67
8/22/2018,3,7,62
8/23/2018,3,7,60
8/24/2018,3,7,71
8/25/2018,3,7,76
8/26/2018,3,7,73
8/27/2018,3,7,65
8/28/2018,3,7,61
8/29/2018,3,7,74
8/30/2018,3,7,58
8/31/2018,3,7,73
9/1/2018,3,7,64
9/2/2018,3,7,44
9/3/2018,3,7,55
9/4/2018,3,7,61
9/5/2018,3,7,41
9/6/2018,3,7,72
9/7/2018,3,7,62
9/8/2018,3,7,67
9/9/2018,3,7,49
9/10/2018,3,7,58
9/11/2018,3,7,40
9/12/2018,3,7,60
9/13/2018,3,7,62
9/14/2018,3,7,67
9/15/2018,3,7,61
9/16/2018,3,7,46
9/17/2018,3,7,54
9/18/2018,3,7,53
9/19/2018,3,7,56
9/20/2018,3,7,77
9/21/2018,3,7,75
9/22/2018,3,7,73
9/23/2018,3,7,43
9/24/2018,3,7,53
9/25/2018,3,7,53
9/26/2018,3,7,62
9/27/2018,3,7,68
9/28/2018,3,7,75
9/29/2018,3,7,80
9/30/2018,3,7,31
10/1/2018,3,7,33
10/2/2018,3,7,47
10/3/2018,3,7,59
10/4/2018,3,7,61
10/5/2018,3,7,73
10/6/2018,3,7,73
10/7/2018,3,7,40
10/8/2018,3,7,58
10/9/2018,3,7,64
10/10/2018,3,7,47
10/11/2018,3,7,64
10/12/2018,3,7,58
10/13/2018,3,7,54
10/14/2018,3,7,40
10/15/2018,3,7,60
10/16/2018,3,7,63
10/17/2018,3,7,62
10/18/2018,3,7,59
10/19/2018,3,7,56
10/20/2018,3,7,66
10/21/2018,3,7,44
10/22/2018,3,7,60
10/23/2018,3,7,47
10/24/2018,3,7,51
10/25/2018,3,7,67
10/26/2018,3,7,64
10/27/2018,3,7,75
10/28/2018,3,7,42
10/29/2018,3,7,33
10/30/2018,3,7,50
10/31/2018,3,7,64
11/1/2018,3,7,52
11/2/2018,3,7,68
11/3/2018,3,7,76
11/4/2018,3,7,38
11/5/2018,3,7,59
11/6/2018,3,7,56
11/7/2018,3,7,50
11/8/2018,3,7,77
11/9/2018,3,7,68
11/10/2018,3,7,69
11/11/2018,3,7,39
11/12/2018,3,7,45
11/13/2018,3,7,47
11/14/2018,3,7,50
11/15/2018,3,7,64
11/16/2018,3,7,74
11/17/2018,3,7,65
11/18/2018,3,7,41
11/19/2018,3,7,57
11/20/2018,3,7,57
11/21/2018,3,7,56
11/22/2018,3,7,58
11/23/2018,3,7,54
11/24/2018,3,7,83
11/25/2018,3,7,46
11/26/2018,3,7,48
11/27/2018,3,7,47
11/28/2018,3,7,60
11/29/2018,3,7,67
11/30/2018,3,7,61
12/1/2018,3,7,46
12/2/2018,3,7,43
12/3/2018,3,7,29
12/4/2018,3,7,44
12/5/2018,3,7,32
12/6/2018,3,7,33
12/7/2018,3,7,43
12/8/2018,3,7,59
12/9/2018,3,7,32
12/10/2018,3,7,35
12/11/2018,3,7,43
12/12/2018,3,7,42
12/13/2018,3,7,32
12/14/2018,3,7,50
12/15/2018,3,7,52
12/16/2018,3,7,33
12/17/2018,3,7,43
12/18/2018,3,7,31
12/19/2018,3,7,40
12/20/2018,3,7,52
12/21/2018,3,7,44
12/22/2018,3,7,47
12/23/2018,3,7,39
12/24/2018,3,7,40
12/25/2018,3,7,45
12/26/2018,3,7,40
12/27/2018,3,7,41
12/28/2018,3,7,34
12/29/2018,3,7,49
12/30/2018,3,7,35
12/31/2018,3,7,36
1/1/2019,3,7,47
1/2/2019,3,7,41
1/3/2019,3,7,39
1/4/2019,3,7,44
1/5/2019,3,7,48
1/6/2019,3,7,31
1/7/2019,3,7,39
1/8/2019,3,7,40
1/9/2019,3,7,48
1/10/2019,3,7,46
1/11/2019,3,7,54
1/12/2019,3,7,52
1/13/2019,3,7,34
1/14/2019,3,7,47
1/15/2019,3,7,42
1/16/2019,3,7,36
1/17/2019,3,7,35
1/18/2019,3,7,54
1/19/2019,3,7,46
1/20/2019,3,7,40
1/21/2019,3,7,33
1/22/2019,3,7,38
1/23/2019,3,7,54
1/24/2019,3,7,55
1/25/2019,3,7,51
1/26/2019,3,7,59
1/27/2019,3,7,32
1/28/2019,3,7,39
1/29/2019,3,7,43
1/30/2019,3,7,55
1/31/2019,3,7,43
2/1/2019,3,7,62
2/2/2019,3,7,56
2/3/2019,3,7,41
2/4/2019,3,7,39
2/5/2019,3,7,43
2/6/2019,3,7,54
2/7/2019,3,7,60
2/8/2019,3,7,54
2/9/2019,3,7,63
2/10/2019,3,7,37
2/11/2019,3,7,45
2/12/2019,3,7,52
2/13/2019,3,7,42
2/14/2019,3,7,46
2/15/2019,3,7,60
2/16/2019,3,7,61
2/17/2019,3,7,35
2/18/2019,3,7,22
2/19/2019,3,7,50
2/20/2019,3,7,52
2/21/2019,3,7,45
2/22/2019,3,7,50
2/23/2019,3,7,60
2/24/2019,3,7,37
2/25/2019,3,7,33
2/26/2019,3,7,59
2/27/2019,3,7,56
2/28/2019,3,7,46
3/1/2019,3,7,66
3/2/2019,3,7,71
3/3/2019,3,7,39
3/4/2019,3,7,71
3/5/2019,3,7,58
3/6/2019,3,7,73
3/7/2019,3,7,51
3/8/2019,3,7,69
3/9/2019,3,7,69
3/10/2019,3,7,51
3/11/2019,3,7,59
3/12/2019,3,7,53
3/13/2019,3,7,57
3/14/2019,3,7,47
3/15/2019,3,7,57
3/16/2019,3,7,75
3/17/2019,3,7,38
3/18/2019,3,7,60
3/19/2019,3,7,60
3/20/2019,3,7,68
3/21/2019,3,7,59
3/22/2019,3,7,69
3/23/2019,3,7,62
3/24/2019,3,7,51
3/25/2019,3,7,52
3/26/2019,3,7,39
3/27/2019,3,7,55
3/28/2019,3,7,70
3/29/2019,3,7,63
3/30/2019,3,7,79
3/31/2019,3,7,41
4/1/2019,3,7,76
4/2/2019,3,7,54
4/3/2019,3,7,72
4/4/2019,3,7,83
4/5/2019,3,7,75
4/6/2019,3,7,84
4/7/2019,3,7,47
4/8/2019,3,7,69
4/9/2019,3,7,63
4/10/2019,3,7,48
4/11/2019,3,7,73
4/12/2019,3,7,91
4/13/2019,3,7,88
4/14/2019,3,7,60
4/15/2019,3,7,66
4/16/2019,3,7,61
4/17/2019,3,7,76
4/18/2019,3,7,67
4/19/2019,3,7,89
4/20/2019,3,7,75
4/21/2019,3,7,41
4/22/2019,3,7,55
4/23/2019,3,7,61
4/24/2019,3,7,64
4/25/2019,3,7,84
4/26/2019,3,7,80
4/27/2019,3,7,95
4/28/2019,3,7,56
4/29/2019,3,7,71
4/30/2019,3,7,64
5/1/2019,3,7,46
5/2/2019,3,7,79
5/3/2019,3,7,71
5/4/2019,3,7,76
5/5/2019,3,7,67
5/6/2019,3,7,72
5/7/2019,3,7,64
5/8/2019,3,7,68
5/9/2019,3,7,73
5/10/2019,3,7,103
5/11/2019,3,7,84
5/12/2019,3,7,59
5/13/2019,3,7,72
5/14/2019,3,7,56
5/15/2019,3,7,65
5/16/2019,3,7,65
5/17/2019,3,7,84
5/18/2019,3,7,76
5/19/2019,3,7,51
5/20/2019,3,7,71
5/21/2019,3,7,45
5/22/2019,3,7,73
5/23/2019,3,7,75
5/24/2019,3,7,78
5/25/2019,3,7,90
5/26/2019,3,7,60
5/27/2019,3,7,62
5/28/2019,3,7,56
5/29/2019,3,7,73
5/30/2019,3,7,60
5/31/2019,3,7,92
6/1/2019,3,7,95
6/2/2019,3,7,60
6/3/2019,3,7,72
6/4/2019,3,7,69
6/5/2019,3,7,79
6/6/2019,3,7,78
6/7/2019,3,7,94
6/8/2019,3,7,97
6/9/2019,3,7,53
6/10/2019,3,7,60
6/11/2019,3,7,64
6/12/2019,3,7,86
6/13/2019,3,7,81
6/14/2019,3,7,85
6/15/2019,3,7,93
6/16/2019,3,7,70
6/17/2019,3,7,74
6/18/2019,3,7,62
6/19/2019,3,7,82
6/20/2019,3,7,79
6/21/2019,3,7,93
6/22/2019,3,7,86
6/23/2019,3,7,77
6/24/2019,3,7,84
6/25/2019,3,7,62
6/26/2019,3,7,74
6/27/2019,3,7,89
6/28/2019,3,7,86
6/29/2019,3,7,98
6/30/2019,3,7,59
7/1/2019,3,7,80
7/2/2019,3,7,72
7/3/2019,3,7,68
7/4/2019,3,7,83
7/5/2019,3,7,89
7/6/2019,3,7,103
7/7/2019,3,7,66
7/8/2019,3,7,71
7/9/2019,3,7,70
7/10/2019,3,7,79
7/11/2019,3,7,96
7/12/2019,3,7,97
7/13/2019,3,7,101
7/14/2019,3,7,59
7/15/2019,3,7,86
7/16/2019,3,7,69
7/17/2019,3,7,63
7/18/2019,3,7,84
7/19/2019,3,7,107
7/20/2019,3,7,110
7/21/2019,3,7,50
7/22/2019,3,7,66
7/23/2019,3,7,63
7/24/2019,3,7,91
7/25/2019,3,7,79
7/26/2019,3,7,83
7/27/2019,3,7,98
7/28/2019,3,7,69
7/29/2019,3,7,88
7/30/2019,3,7,69
7/31/2019,3,7,87
8/1/2019,3,7,89
8/2/2019,3,7,66
8/3/2019,3,7,80
8/4/2019,3,7,51
8/5/2019,3,7,65
8/6/2019,3,7,72
8/7/2019,3,7,73
8/8/2019,3,7,59
8/9/2019,3,7,78
8/10/2019,3,7,87
8/11/2019,3,7,47
8/12/2019,3,7,77
8/13/2019,3,7,61
8/14/2019,3,7,58
8/15/2019,3,7,91
8/16/2019,3,7,87
8/17/2019,3,7,77
8/18/2019,3,7,48
8/19/2019,3,7,64
8/20/2019,3,7,71
8/21/2019,3,7,77
8/22/2019,3,7,86
8/23/2019,3,7,85
8/24/2019,3,7,86
8/25/2019,3,7,56
8/26/2019,3,7,69
8/27/2019,3,7,53
8/28/2019,3,7,63
8/29/2019,3,7,80
8/30/2019,3,7,81
8/31/2019,3,7,76
9/1/2019,3,7,54
9/2/2019,3,7,51
9/3/2019,3,7,66
9/4/2019,3,7,70
9/5/2019,3,7,73
9/6/2019,3,7,77
9/7/2019,3,7,67
9/8/2019,3,7,47
9/9/2019,3,7,48
9/10/2019,3,7,57
9/11/2019,3,7,69
9/12/2019,3,7,69
9/13/2019,3,7,85
9/14/2019,3,7,70
9/15/2019,3,7,65
9/16/2019,3,7,57
9/17/2019,3,7,59
9/18/2019,3,7,67
9/19/2019,3,7,69
9/20/2019,3,7,92
9/21/2019,3,7,80
9/22/2019,3,7,61
9/23/2019,3,7,57
9/24/2019,3,7,60
9/25/2019,3,7,59
9/26/2019,3,7,66
9/27/2019,3,7,79
9/28/2019,3,7,71
9/29/2019,3,7,51
9/30/2019,3,7,73
10/1/2019,3,7,58
10/2/2019,3,7,69
10/3/2019,3,7,65
10/4/2019,3,7,59
10/5/2019,3,7,88
10/6/2019,3,7,51
10/7/2019,3,7,58
10/8/2019,3,7,53
10/9/2019,3,7,52
10/10/2019,3,7,76
10/11/2019,3,7,61
10/12/2019,3,7,76
10/13/2019,3,7,45
10/14/2019,3,7,56
10/15/2019,3,7,49
10/16/2019,3,7,55
10/17/2019,3,7,56
10/18/2019,3,7,66
10/19/2019,3,7,74
10/20/2019,3,7,51
10/21/2019,3,7,58
10/22/2019,3,7,55
10/23/2019,3,7,70
10/24/2019,3,7,80
10/25/2019,3,7,78
10/26/2019,3,7,90
10/27/2019,3,7,41
10/28/2019,3,7,61
10/29/2019,3,7,43
10/30/2019,3,7,47
10/31/2019,3,7,65
11/1/2019,3,7,76
11/2/2019,3,7,81
11/3/2019,3,7,64
11/4/2019,3,7,50
11/5/2019,3,7,57
11/6/2019,3,7,78
11/7/2019,3,7,64
11/8/2019,3,7,76
11/9/2019,3,7,77
11/10/2019,3,7,46
11/11/2019,3,7,66
11/12/2019,3,7,71
11/13/2019,3,7,69
11/14/2019,3,7,80
11/15/2019,3,7,59
11/16/2019,3,7,68
11/17/2019,3,7,49
11/18/2019,3,7,57
11/19/2019,3,7,66
11/20/2019,3,7,66
11/21/2019,3,7,59
11/22/2019,3,7,88
11/23/2019,3,7,79
11/24/2019,3,7,61
11/25/2019,3,7,63
11/26/2019,3,7,65
11/27/2019,3,7,59
11/28/2019,3,7,78
11/29/2019,3,7,68
11/30/2019,3,7,73
12/1/2019,3,7,44
12/2/2019,3,7,48
12/3/2019,3,7,37
12/4/2019,3,7,51
12/5/2019,3,7,45
12/6/2019,3,7,49
12/7/2019,3,7,73
12/8/2019,3,7,36
12/9/2019,3,7,48
12/10/2019,3,7,51
12/11/2019,3,7,54
12/12/2019,3,7,33
12/13/2019,3,7,66
12/14/2019,3,7,64
12/15/2019,3,7,43
12/16/2019,3,7,40
12/17/2019,3,7,50
12/18/2019,3,7,47
12/19/2019,3,7,60
12/20/2019,3,7,46
12/21/2019,3,7,60
12/22/2019,3,7,33
12/23/2019,3,7,48
12/24/2019,3,7,49
12/25/2019,3,7,52
12/26/2019,3,7,55
12/27/2019,3,7,56
12/28/2019,3,7,66
12/29/2019,3,7,36
12/30/2019,3,7,39
12/31/2019,3,7,42
1/1/2020,3,7,39
1/2/2020,3,7,63
1/3/2020,3,7,53
1/4/2020,3,7,47
1/5/2020,3,7,43
1/6/2020,3,7,42
1/7/2020,3,7,42
1/8/2020,3,7,52
1/9/2020,3,7,41
1/10/2020,3,7,54
1/11/2020,3,7,50
1/12/2020,3,7,36
1/13/2020,3,7,49
1/14/2020,3,7,46
1/15/2020,3,7,38
1/16/2020,3,7,45
1/17/2020,3,7,48
1/18/2020,3,7,56
1/19/2020,3,7,30
1/20/2020,3,7,39
1/21/2020,3,7,39
1/22/2020,3,7,43
1/23/2020,3,7,45
1/24/2020,3,7,41
1/25/2020,3,7,59
1/26/2020,3,7,26
1/27/2020,3,7,37
1/28/2020,3,7,41
1/29/2020,3,7,40
1/30/2020,3,7,41
1/31/2020,3,7,41
2/1/2020,3,7,70
2/2/2020,3,7,41
2/3/2020,3,7,39
2/4/2020,3,7,49
2/5/2020,3,7,46
2/6/2020,3,7,50
2/7/2020,3,7,61
2/8/2020,3,7,70
2/9/2020,3,7,46
2/10/2020,3,7,52
2/11/2020,3,7,49
2/12/2020,3,7,48
2/13/2020,3,7,72
2/14/2020,3,7,56
2/15/2020,3,7,56
2/16/2020,3,7,38
2/17/2020,3,7,48
2/18/2020,3,7,48
2/19/2020,3,7,50
2/20/2020,3,7,49
2/21/2020,3,7,50
2/22/2020,3,7,53
2/23/2020,3,7,36
2/24/2020,3,7,48
2/25/2020,3,7,52
2/26/2020,3,7,44
2/27/2020,3,7,53
2/28/2020,3,7,48
3/1/2020,3,7,71
3/2/2020,3,7,41
3/3/2020,3,7,48
3/4/2020,3,7,63
3/5/2020,3,7,77
3/6/2020,3,7,64
3/7/2020,3,7,71
3/8/2020,3,7,83
3/9/2020,3,7,39
3/10/2020,3,7,50
3/11/2020,3,7,70
3/12/2020,3,7,61
3/13/2020,3,7,71
3/14/2020,3,7,69
3/15/2020,3,7,72
3/16/2020,3,7,44
3/17/2020,3,7,58
3/18/2020,3,7,46
3/19/2020,3,7,59
3/20/2020,3,7,70
3/21/2020,3,7,68
3/22/2020,3,7,85
3/23/2020,3,7,48
3/24/2020,3,7,57
3/25/2020,3,7,58
3/26/2020,3,7,73
3/27/2020,3,7,37
3/28/2020,3,7,75
3/29/2020,3,7,84
3/30/2020,3,7,48
3/31/2020,3,7,50
4/1/2020,3,7,57
4/2/2020,3,7,74
4/3/2020,3,7,70
4/4/2020,3,7,64
4/5/2020,3,7,77
4/6/2020,3,7,68
4/7/2020,3,7,65
4/8/2020,3,7,58
4/9/2020,3,7,55
4/10/2020,3,7,93
4/11/2020,3,7,80
4/12/2020,3,7,83
4/13/2020,3,7,48
4/14/2020,3,7,70
4/15/2020,3,7,62
4/16/2020,3,7,66
4/17/2020,3,7,70
4/18/2020,3,7,77
4/19/2020,3,7,96
4/20/2020,3,7,43
4/21/2020,3,7,65
4/22/2020,3,7,62
4/23/2020,3,7,72
4/24/2020,3,7,72
4/25/2020,3,7,81
4/26/2020,3,7,89
4/27/2020,3,7,48
4/28/2020,3,7,58
4/29/2020,3,7,53
4/30/2020,3,7,69
5/1/2020,3,7,81
5/2/2020,3,7,84
5/3/2020,3,7,77
5/4/2020,3,7,80
5/5/2020,3,7,76
5/6/2020,3,7,71
5/7/2020,3,7,57
5/8/2020,3,7,70
5/9/2020,3,7,76
5/10/2020,3,7,85
5/11/2020,3,7,53
5/12/2020,3,7,69
5/13/2020,3,7,82
5/14/2020,3,7,64
5/15/2020,3,7,89
5/16/2020,3,7,97
5/17/2020,3,7,82
5/18/2020,3,7,50
5/19/2020,3,7,70
5/20/2020,3,7,84
5/21/2020,3,7,74
5/22/2020,3,7,65
5/23/2020,3,7,75
5/24/2020,3,7,86
5/25/2020,3,7,60
5/26/2020,3,7,67
5/27/2020,3,7,68
5/28/2020,3,7,75
5/29/2020,3,7,95
5/30/2020,3,7,90
5/31/2020,3,7,71
6/1/2020,3,7,62
6/2/2020,3,7,71
6/3/2020,3,7,89
6/4/2020,3,7,96
6/5/2020,3,7,83
6/6/2020,3,7,99
6/7/2020,3,7,86
6/8/2020,3,7,50
6/9/2020,3,7,68
6/10/2020,3,7,88
6/11/2020,3,7,74
6/12/2020,3,7,88
6/13/2020,3,7,97
6/14/2020,3,7,87
6/15/2020,3,7,57
6/16/2020,3,7,100
6/17/2020,3,7,60
6/18/2020,3,7,78
6/19/2020,3,7,92
6/20/2020,3,7,96
6/21/2020,3,7,108
6/22/2020,3,7,75
6/23/2020,3,7,65
6/24/2020,3,7,64
6/25/2020,3,7,56
6/26/2020,3,7,99
6/27/2020,3,7,94
6/28/2020,3,7,101
6/29/2020,3,7,80
6/30/2020,3,7,71
7/1/2020,3,7,65
7/2/2020,3,7,78
7/3/2020,3,7,88
7/4/2020,3,7,101
7/5/2020,3,7,109
7/6/2020,3,7,52
7/7/2020,3,7,88
7/8/2020,3,7,80
7/9/2020,3,7,97
7/10/2020,3,7,108
7/11/2020,3,7,91
7/12/2020,3,7,96
7/13/2020,3,7,58
7/14/2020,3,7,74
7/15/2020,3,7,73
7/16/2020,3,7,96
7/17/2020,3,7,95
7/18/2020,3,7,90
7/19/2020,3,7,102
7/20/2020,3,7,64
7/21/2020,3,7,79
7/22/2020,3,7,76
7/23/2020,3,7,94
7/24/2020,3,7,103
7/25/2020,3,7,87
7/26/2020,3,7,89
7/27/2020,3,7,67
7/28/2020,3,7,65
7/29/2020,3,7,69
7/30/2020,3,7,96
7/31/2020,3,7,103
8/1/2020,3,7,88
8/2/2020,3,7,89
8/3/2020,3,7,61
8/4/2020,3,7,66
8/5/2020,3,7,67
8/6/2020,3,7,59
8/7/2020,3,7,75
8/8/2020,3,7,69
8/9/2020,3,7,91
8/10/2020,3,7,59
8/11/2020,3,7,49
8/12/2020,3,7,71
8/13/2020,3,7,80
8/14/2020,3,7,70
8/15/2020,3,7,93
8/16/2020,3,7,95
8/17/2020,3,7,60
8/18/2020,3,7,67
8/19/2020,3,7,68
8/20/2020,3,7,86
8/21/2020,3,7,88
8/22/2020,3,7,75
8/23/2020,3,7,96
8/24/2020,3,7,63
8/25/2020,3,7,74
8/26/2020,3,7,64
8/27/2020,3,7,63
8/28/2020,3,7,69
8/29/2020,3,7,83
8/30/2020,3,7,88
8/31/2020,3,7,65
9/1/2020,3,7,63
9/2/2020,3,7,63
9/3/2020,3,7,64
9/4/2020,3,7,74
9/5/2020,3,7,76
9/6/2020,3,7,79
9/7/2020,3,7,43
9/8/2020,3,7,63
9/9/2020,3,7,76
9/10/2020,3,7,86
9/11/2020,3,7,68
9/12/2020,3,7,68
9/13/2020,3,7,80
9/14/2020,3,7,57
9/15/2020,3,7,65
9/16/2020,3,7,64
9/17/2020,3,7,66
9/18/2020,3,7,89
9/19/2020,3,7,81
9/20/2020,3,7,78
9/21/2020,3,7,61
9/22/2020,3,7,63
9/23/2020,3,7,65
9/24/2020,3,7,68
9/25/2020,3,7,78
9/26/2020,3,7,92
9/27/2020,3,7,84
9/28/2020,3,7,53
9/29/2020,3,7,67
9/30/2020,3,7,65
10/1/2020,3,7,65
10/2/2020,3,7,54
10/3/2020,3,7,74
10/4/2020,3,7,84
10/5/2020,3,7,47
10/6/2020,3,7,62
10/7/2020,3,7,58
10/8/2020,3,7,65
10/9/2020,3,7,73
10/10/2020,3,7,80
10/11/2020,3,7,72
10/12/2020,3,7,52
10/13/2020,3,7,65
10/14/2020,3,7,45
10/15/2020,3,7,57
10/16/2020,3,7,77
10/17/2020,3,7,76
10/18/2020,3,7,93
10/19/2020,3,7,59
10/20/2020,3,7,68
10/21/2020,3,7,55
10/22/2020,3,7,64
10/23/2020,3,7,69
10/24/2020,3,7,65
10/25/2020,3,7,72
10/26/2020,3,7,51
10/27/2020,3,7,67
10/28/2020,3,7,48
10/29/2020,3,7,70
10/30/2020,3,7,74
10/31/2020,3,7,74
11/1/2020,3,7,81
11/2/2020,3,7,48
11/3/2020,3,7,61
11/4/2020,3,7,76
11/5/2020,3,7,75
11/6/2020,3,7,87
11/7/2020,3,7,65
11/8/2020,3,7,75
11/9/2020,3,7,46
11/10/2020,3,7,63
11/11/2020,3,7,60
11/12/2020,3,7,75
11/13/2020,3,7,87
11/14/2020,3,7,75
11/15/2020,3,7,78
11/16/2020,3,7,48
11/17/2020,3,7,73
11/18/2020,3,7,61
11/19/2020,3,7,77
11/20/2020,3,7,84
11/21/2020,3,7,81
11/22/2020,3,7,76
11/23/2020,3,7,68
11/24/2020,3,7,63
11/25/2020,3,7,67
11/26/2020,3,7,65
11/27/2020,3,7,73
11/28/2020,3,7,76
11/29/2020,3,7,83
11/30/2020,3,7,66
12/1/2020,3,7,52
12/2/2020,3,7,42
12/3/2020,3,7,50
12/4/2020,3,7,63
12/5/2020,3,7,59
12/6/2020,3,7,64
12/7/2020,3,7,38
12/8/2020,3,7,44
12/9/2020,3,7,41
12/10/2020,3,7,51
12/11/2020,3,7,57
12/12/2020,3,7,52
12/13/2020,3,7,59
12/14/2020,3,7,46
12/15/2020,3,7,50
12/16/2020,3,7,51
12/17/2020,3,7,50
12/18/2020,3,7,55
12/19/2020,3,7,36
12/20/2020,3,7,64
12/21/2020,3,7,40
12/22/2020,3,7,51
12/23/2020,3,7,40
12/24/2020,3,7,45
12/25/2020,3,7,51
12/26/2020,3,7,59
12/27/2020,3,7,49
12/28/2020,3,7,31
12/29/2020,3,7,45
12/30/2020,3,7,50
12/31/2020,3,7,40
1/1/2021,3,7,57
1/2/2021,3,7,56
1/3/2021,3,7,52
1/4/2021,3,7,37
1/5/2021,3,7,39
1/6/2021,3,7,50
1/7/2021,3,7,45
1/8/2021,3,7,60
1/9/2021,3,7,63
1/10/2021,3,7,66
1/11/2021,3,7,32
1/12/2021,3,7,51
1/13/2021,3,7,50
1/14/2021,3,7,47
1/15/2021,3,7,45
1/16/2021,3,7,51
1/17/2021,3,7,54
1/18/2021,3,7,26
1/19/2021,3,7,48
1/20/2021,3,7,49
1/21/2021,3,7,59
1/22/2021,3,7,61
1/23/2021,3,7,59
1/24/2021,3,7,61
1/25/2021,3,7,36
1/26/2021,3,7,43
1/27/2021,3,7,35
1/28/2021,3,7,52
1/29/2021,3,7,50
1/30/2021,3,7,50
1/31/2021,3,7,53
2/1/2021,3,7,51
2/2/2021,3,7,57
2/3/2021,3,7,53
2/4/2021,3,7,56
2/5/2021,3,7,64
2/6/2021,3,7,69
2/7/2021,3,7,46
2/8/2021,3,7,46
2/9/2021,3,7,47
2/10/2021,3,7,39
2/11/2021,3,7,52
2/12/2021,3,7,52
2/13/2021,3,7,51
2/14/2021,3,7,70
2/15/2021,3,7,45
2/16/2021,3,7,48
2/17/2021,3,7,65
2/18/2021,3,7,50
2/19/2021,3,7,54
2/20/2021,3,7,59
2/21/2021,3,7,73
2/22/2021,3,7,48
2/23/2021,3,7,59
2/24/2021,3,7,50
2/25/2021,3,7,62
2/26/2021,3,7,72
2/27/2021,3,7,73
2/28/2021,3,7,60
2/29/2021,3,7,47
3/1/2021,3,7,62
3/2/2021,3,7,50
3/3/2021,3,7,73
3/4/2021,3,7,63
3/5/2021,3,7,69
3/6/2021,3,7,69
3/7/2021,3,7,45
3/8/2021,3,7,50
3/9/2021,3,7,60
3/10/2021,3,7,69
3/11/2021,3,7,68
3/12/2021,3,7,82
3/13/2021,3,7,84
3/14/2021,3,7,60
3/15/2021,3,7,55
3/16/2021,3,7,51
3/17/2021,3,7,58
3/18/2021,3,7,72
3/19/2021,3,7,65
3/20/2021,3,7,69
3/21/2021,3,7,56
3/22/2021,3,7,69
3/23/2021,3,7,64
3/24/2021,3,7,78
3/25/2021,3,7,76
3/26/2021,3,7,73
3/27/2021,3,7,78
3/28/2021,3,7,41
3/29/2021,3,7,72
3/30/2021,3,7,60
3/31/2021,3,7,63
4/1/2021,3,7,89
4/2/2021,3,7,89
4/3/2021,3,7,80
4/4/2021,3,7,49
4/5/2021,3,7,75
4/6/2021,3,7,79
4/7/2021,3,7,79
4/8/2021,3,7,84
4/9/2021,3,7,93
4/10/2021,3,7,88
4/11/2021,3,7,72
4/12/2021,3,7,67
4/13/2021,3,7,78
4/14/2021,3,7,84
4/15/2021,3,7,75
4/16/2021,3,7,75
4/17/2021,3,7,85
4/18/2021,3,7,58
4/19/2021,3,7,77
4/20/2021,3,7,81
4/21/2021,3,7,67
4/22/2021,3,7,83
4/23/2021,3,7,84
4/24/2021,3,7,97
4/25/2021,3,7,74
4/26/2021,3,7,68
4/27/2021,3,7,60
4/28/2021,3,7,70
4/29/2021,3,7,97
4/30/2021,3,7,84
5/1/2021,3,7,115
5/2/2021,3,7,63
5/3/2021,3,7,71
5/4/2021,3,7,67
5/5/2021,3,7,89
5/6/2021,3,7,88
5/7/2021,3,7,106
5/8/2021,3,7,79
5/9/2021,3,7,61
5/10/2021,3,7,80
5/11/2021,3,7,73
5/12/2021,3,7,91
5/13/2021,3,7,111
5/14/2021,3,7,84
5/15/2021,3,7,102
5/16/2021,3,7,49
5/17/2021,3,7,73
5/18/2021,3,7,77
5/19/2021,3,7,77
5/20/2021,3,7,91
5/21/2021,3,7,78
5/22/2021,3,7,102
5/23/2021,3,7,61
5/24/2021,3,7,62
5/25/2021,3,7,80
5/26/2021,3,7,85
5/27/2021,3,7,99
5/28/2021,3,7,97
5/29/2021,3,7,90
5/30/2021,3,7,65
5/31/2021,3,7,73
6/1/2021,3,7,75
6/2/2021,3,7,91
6/3/2021,3,7,96
6/4/2021,3,7,98
6/5/2021,3,7,100
6/6/2021,3,7,57
6/7/2021,3,7,94
6/8/2021,3,7,84
6/9/2021,3,7,98
6/10/2021,3,7,112
6/11/2021,3,7,86
6/12/2021,3,7,107
6/13/2021,3,7,70
6/14/2021,3,7,68
6/15/2021,3,7,85
6/16/2021,3,7,88
6/17/2021,3,7,90
6/18/2021,3,7,99
6/19/2021,3,7,101
6/20/2021,3,7,77
6/21/2021,3,7,86
6/22/2021,3,7,85
6/23/2021,3,7,89
6/24/2021,3,7,88
6/25/2021,3,7,86
6/26/2021,3,7,110
6/27/2021,3,7,67
6/28/2021,3,7,85
6/29/2021,3,7,96
6/30/2021,3,7,90
7/1/2021,3,7,86
7/2/2021,3,7,94
7/3/2021,3,7,93
7/4/2021,3,7,66
7/5/2021,3,7,78
7/6/2021,3,7,87
7/7/2021,3,7,97
7/8/2021,3,7,102
7/9/2021,3,7,92
7/10/2021,3,7,107
7/11/2021,3,7,70
7/12/2021,3,7,91
7/13/2021,3,7,84
7/14/2021,3,7,113
7/15/2021,3,7,110
7/16/2021,3,7,88
7/17/2021,3,7,117
7/18/2021,3,7,67
7/19/2021,3,7,80
7/20/2021,3,7,81
7/21/2021,3,7,93
7/22/2021,3,7,109
7/23/2021,3,7,109
7/24/2021,3,7,103
7/25/2021,3,7,78
7/26/2021,3,7,75
7/27/2021,3,7,76
7/28/2021,3,7,94
7/29/2021,3,7,107
7/30/2021,3,7,123
7/31/2021,3,7,113
8/1/2021,3,7,57
8/2/2021,3,7,79
8/3/2021,3,7,70
8/4/2021,3,7,81
8/5/2021,3,7,83
8/6/2021,3,7,87
8/7/2021,3,7,117
8/8/2021,3,7,70
8/9/2021,3,7,78
8/10/2021,3,7,85
8/11/2021,3,7,79
8/12/2021,3,7,85
8/13/2021,3,7,117
8/14/2021,3,7,111
8/15/2021,3,7,59
8/16/2021,3,7,89
8/17/2021,3,7,72
8/18/2021,3,7,57
8/19/2021,3,7,94
8/20/2021,3,7,97
8/21/2021,3,7,93
8/22/2021,3,7,69
8/23/2021,3,7,93
8/24/2021,3,7,81
8/25/2021,3,7,77
8/26/2021,3,7,86
8/27/2021,3,7,80
8/28/2021,3,7,107
8/29/2021,3,7,78
8/30/2021,3,7,73
8/31/2021,3,7,72
9/1/2021,3,7,78
9/2/2021,3,7,66
9/3/2021,3,7,78
9/4/2021,3,7,84
9/5/2021,3,7,61
9/6/2021,3,7,80
9/7/2021,3,7,60
9/8/2021,3,7,73
9/9/2021,3,7,82
9/10/2021,3,7,81
9/11/2021,3,7,83
9/12/2021,3,7,62
9/13/2021,3,7,75
9/14/2021,3,7,63
9/15/2021,3,7,62
9/16/2021,3,7,87
9/17/2021,3,7,105
9/18/2021,3,7,96
9/19/2021,3,7,61
9/20/2021,3,7,73
9/21/2021,3,7,72
9/22/2021,3,7,78
9/23/2021,3,7,69
9/24/2021,3,7,90
9/25/2021,3,7,108
9/26/2021,3,7,53
9/27/2021,3,7,53
9/28/2021,3,7,61
9/29/2021,3,7,83
9/30/2021,3,7,78
10/1/2021,3,7,71
10/2/2021,3,7,73
10/3/2021,3,7,56
10/4/2021,3,7,62
10/5/2021,3,7,72
10/6/2021,3,7,59
10/7/2021,3,7,77
10/8/2021,3,7,78
10/9/2021,3,7,92
10/10/2021,3,7,65
10/11/2021,3,7,74
10/12/2021,3,7,50
10/13/2021,3,7,72
10/14/2021,3,7,71
10/15/2021,3,7,67
10/16/2021,3,7,85
10/17/2021,3,7,59
10/18/2021,3,7,74
10/19/2021,3,7,54
10/20/2021,3,7,72
10/21/2021,3,7,80
10/22/2021,3,7,76
10/23/2021,3,7,81
10/24/2021,3,7,61
10/25/2021,3,7,66
10/26/2021,3,7,69
10/27/2021,3,7,74
10/28/2021,3,7,89
10/29/2021,3,7,90
10/30/2021,3,7,87
10/31/2021,3,7,53
11/1/2021,3,7,72
11/2/2021,3,7,63
11/3/2021,3,7,85
11/4/2021,3,7,80
11/5/2021,3,7,88
11/6/2021,3,7,93
11/7/2021,3,7,56
11/8/2021,3,7,63
11/9/2021,3,7,66
11/10/2021,3,7,75
11/11/2021,3,7,104
11/12/2021,3,7,78
11/13/2021,3,7,108
11/14/2021,3,7,62
11/15/2021,3,7,77
11/16/2021,3,7,64
11/17/2021,3,7,80
11/18/2021,3,7,90
11/19/2021,3,7,83
11/20/2021,3,7,88
11/21/2021,3,7,54
11/22/2021,3,7,77
11/23/2021,3,7,69
11/24/2021,3,7,73
11/25/2021,3,7,89
11/26/2021,3,7,74
11/27/2021,3,7,93
11/28/2021,3,7,65
11/29/2021,3,7,71
11/30/2021,3,7,65
12/1/2021,3,7,43
12/2/2021,3,7,67
12/3/2021,3,7,49
12/4/2021,3,7,60
12/5/2021,3,7,53
12/6/2021,3,7,56
12/7/2021,3,7,51
12/8/2021,3,7,62
12/9/2021,3,7,52
12/10/2021,3,7,60
12/11/2021,3,7,56
12/12/2021,3,7,57
12/13/2021,3,7,54
12/14/2021,3,7,47
12/15/2021,3,7,64
12/16/2021,3,7,64
12/17/2021,3,7,58
12/18/2021,3,7,59
12/19/2021,3,7,40
12/20/2021,3,7,51
12/21/2021,3,7,47
12/22/2021,3,7,55
12/23/2021,3,7,60
12/24/2021,3,7,66
12/25/2021,3,7,63
12/26/2021,3,7,43
12/27/2021,3,7,45
12/28/2021,3,7,42
12/29/2021,3,7,54
12/30/2021,3,7,52
12/31/2021,3,7,52
1/1/2022,3,7,49
1/2/2022,3,7,45
1/3/2022,3,7,43
1/4/2022,3,7,38
1/5/2022,3,7,50
1/6/2022,3,7,55
1/7/2022,3,7,62
1/8/2022,3,7,73
1/9/2022,3,7,44
1/10/2022,3,7,51
1/11/2022,3,7,54
1/12/2022,3,7,55
1/13/2022,3,7,61
1/14/2022,3,7,56
1/15/2022,3,7,50
1/16/2022,3,7,49
1/17/2022,3,7,44
1/18/2022,3,7,45
1/19/2022,3,7,56
1/20/2022,3,7,56
1/21/2022,3,7,67
1/22/2022,3,7,65
1/23/2022,3,7,44
1/24/2022,3,7,51
1/25/2022,3,7,33
1/26/2022,3,7,40
1/27/2022,3,7,56
1/28/2022,3,7,64
1/29/2022,3,7,59
1/30/2022,3,7,41
1/31/2022,3,7,36
2/1/2022,3,7,43
2/2/2022,3,7,49
2/3/2022,3,7,60
2/4/2022,3,7,66
2/5/2022,3,7,55
2/6/2022,3,7,40
2/7/2022,3,7,55
2/8/2022,3,7,47
2/9/2022,3,7,55
2/10/2022,3,7,55
2/11/2022,3,7,59
2/12/2022,3,7,73
2/13/2022,3,7,43
2/14/2022,3,7,53
2/15/2022,3,7,53
2/16/2022,3,7,54
2/17/2022,3,7,53
2/18/2022,3,7,65
2/19/2022,3,7,77
2/20/2022,3,7,45
2/21/2022,3,7,57
2/22/2022,3,7,53
2/23/2022,3,7,64
2/24/2022,3,7,40
2/25/2022,3,7,66
2/26/2022,3,7,69
2/27/2022,3,7,42
2/28/2022,3,7,65
3/1/2022,3,7,72
3/2/2022,3,7,77
3/3/2022,3,7,78
3/4/2022,3,7,85
3/5/2022,3,7,77
3/6/2022,3,7,57
3/7/2022,3,7,64
3/8/2022,3,7,78
3/9/2022,3,7,62
3/10/2022,3,7,78
3/11/2022,3,7,67
3/12/2022,3,7,97
3/13/2022,3,7,57
3/14/2022,3,7,79
3/15/2022,3,7,71
3/16/2022,3,7,75
3/17/2022,3,7,71
3/18/2022,3,7,69
3/19/2022,3,7,83
3/20/2022,3,7,61
3/21/2022,3,7,60
3/22/2022,3,7,65
3/23/2022,3,7,54
3/24/2022,3,7,66
3/25/2022,3,7,72
3/26/2022,3,7,79
3/27/2022,3,7,67
3/28/2022,3,7,69
3/29/2022,3,7,76
3/30/2022,3,7,59
3/31/2022,3,7,66
4/1/2022,3,7,85
4/2/2022,3,7,74
4/3/2022,3,7,62
4/4/2022,3,7,73
4/5/2022,3,7,77
4/6/2022,3,7,72
4/7/2022,3,7,75
4/8/2022,3,7,94
4/9/2022,3,7,87
4/10/2022,3,7,61
4/11/2022,3,7,69
4/12/2022,3,7,70
4/13/2022,3,7,82
4/14/2022,3,7,90
4/15/2022,3,7,96
4/16/2022,3,7,95
4/17/2022,3,7,67
4/18/2022,3,7,71
4/19/2022,3,7,64
4/20/2022,3,7,89
4/21/2022,3,7,92
4/22/2022,3,7,78
4/23/2022,3,7,89
4/24/2022,3,7,60
4/25/2022,3,7,77
4/26/2022,3,7,72
4/27/2022,3,7,95
4/28/2022,3,7,89
4/29/2022,3,7,91
4/30/2022,3,7,123
5/1/2022,3,7,61
5/2/2022,3,7,86
5/3/2022,3,7,73
5/4/2022,3,7,87
5/5/2022,3,7,87
5/6/2022,3,7,90
5/7/2022,3,7,82
5/8/2022,3,7,68
5/9/2022,3,7,89
5/10/2022,3,7,92
5/11/2022,3,7,90
5/12/2022,3,7,90
5/13/2022,3,7,108
5/14/2022,3,7,93
5/15/2022,3,7,53
5/16/2022,3,7,81
5/17/2022,3,7,93
5/18/2022,3,7,84
5/19/2022,3,7,105
5/20/2022,3,7,88
5/21/2022,3,7,107
5/22/2022,3,7,78
5/23/2022,3,7,68
5/24/2022,3,7,85
5/25/2022,3,7,91
5/26/2022,3,7,90
5/27/2022,3,7,98
5/28/2022,3,7,94
5/29/2022,3,7,48
5/30/2022,3,7,72
5/31/2022,3,7,67
6/1/2022,3,7,91
6/2/2022,3,7,100
6/3/2022,3,7,106
6/4/2022,3,7,116
6/5/2022,3,7,71
6/6/2022,3,7,98
6/7/2022,3,7,88
6/8/2022,3,7,87
6/9/2022,3,7,90
6/10/2022,3,7,99
6/11/2022,3,7,111
6/12/2022,3,7,65
6/13/2022,3,7,79
6/14/2022,3,7,81
6/15/2022,3,7,79
6/16/2022,3,7,108
6/17/2022,3,7,99
6/18/2022,3,7,113
6/19/2022,3,7,70
6/20/2022,3,7,69
6/21/2022,3,7,90
6/22/2022,3,7,96
6/23/2022,3,7,86
6/24/2022,3,7,105
6/25/2022,3,7,114
6/26/2022,3,7,76
6/27/2022,3,7,72
6/28/2022,3,7,70
6/29/2022,3,7,94
6/30/2022,3,7,87
7/1/2022,3,7,115
7/2/2022,3,7,121
7/3/2022,3,7,72
7/4/2022,3,7,96
7/5/2022,3,7,87
7/6/2022,3,7,82
7/7/2022,3,7,87
7/8/2022,3,7,110
7/9/2022,3,7,114
7/10/2022,3,7,67
7/11/2022,3,7,83
7/12/2022,3,7,86
7/13/2022,3,7,104
7/14/2022,3,7,90
7/15/2022,3,7,111
7/16/2022,3,7,118
7/17/2022,3,7,72
7/18/2022,3,7,92
7/19/2022,3,7,91
7/20/2022,3,7,113
7/21/2022,3,7,88
7/22/2022,3,7,112
7/23/2022,3,7,120
7/24/2022,3,7,66
7/25/2022,3,7,95
7/26/2022,3,7,74
7/27/2022,3,7,100
7/28/2022,3,7,101
7/29/2022,3,7,115
7/30/2022,3,7,115
7/31/2022,3,7,96
8/1/2022,3,7,96
8/2/2022,3,7,73
8/3/2022,3,7,90
8/4/2022,3,7,103
8/5/2022,3,7,88
8/6/2022,3,7,102
8/7/2022,3,7,68
8/8/2022,3,7,82
8/9/2022,3,7,92
8/10/2022,3,7,72
8/11/2022,3,7,86
8/12/2022,3,7,78
8/13/2022,3,7,100
8/14/2022,3,7,61
8/15/2022,3,7,78
8/16/2022,3,7,84
8/17/2022,3,7,85
8/18/2022,3,7,75
8/19/2022,3,7,94
8/20/2022,3,7,94
8/21/2022,3,7,60
8/22/2022,3,7,83
8/23/2022,3,7,100
8/24/2022,3,7,82
8/25/2022,3,7,89
8/26/2022,3,7,98
8/27/2022,3,7,95
8/28/2022,3,7,66
8/29/2022,3,7,73
8/30/2022,3,7,75
8/31/2022,3,7,79
9/1/2022,3,7,83
9/2/2022,3,7,96
9/3/2022,3,7,109
9/4/2022,3,7,59
9/5/2022,3,7,68
9/6/2022,3,7,75
9/7/2022,3,7,80
9/8/2022,3,7,89
9/9/2022,3,7,87
9/10/2022,3,7,98
9/11/2022,3,7,61
9/12/2022,3,7,68
9/13/2022,3,7,66
9/14/2022,3,7,90
9/15/2022,3,7,83
9/16/2022,3,7,90
9/17/2022,3,7,102
9/18/2022,3,7,52
9/19/2022,3,7,60
9/20/2022,3,7,71
9/21/2022,3,7,78
9/22/2022,3,7,75
9/23/2022,3,7,90
9/24/2022,3,7,91
9/25/2022,3,7,52
9/26/2022,3,7,59
9/27/2022,3,7,75
9/28/2022,3,7,76
9/29/2022,3,7,85
9/30/2022,3,7,81
10/1/2022,3,7,70
10/2/2022,3,7,67
10/3/2022,3,7,64
10/4/2022,3,7,63
10/5/2022,3,7,74
10/6/2022,3,7,81
10/7/2022,3,7,89
10/8/2022,3,7,86
10/9/2022,3,7,56
10/10/2022,3,7,55
10/11/2022,3,7,76
10/12/2022,3,7,68
10/13/2022,3,7,89
10/14/2022,3,7,81
10/15/2022,3,7,84
10/16/2022,3,7,73
10/17/2022,3,7,71
10/18/2022,3,7,62
10/19/2022,3,7,70
10/20/2022,3,7,85
10/21/2022,3,7,106
10/22/2022,3,7,90
10/23/2022,3,7,48
10/24/2022,3,7,74
10/25/2022,3,7,60
10/26/2022,3,7,70
10/27/2022,3,7,70
10/28/2022,3,7,72
10/29/2022,3,7,79
10/30/2022,3,7,66
10/31/2022,3,7,83
11/1/2022,3,7,61
11/2/2022,3,7,64
11/3/2022,3,7,86
11/4/2022,3,7,77
11/5/2022,3,7,88
11/6/2022,3,7,62
11/7/2022,3,7,68
11/8/2022,3,7,80
11/9/2022,3,7,88
11/10/2022,3,7,79
11/11/2022,3,7,90
11/12/2022,3,7,97
11/13/2022,3,7,70
11/14/2022,3,7,76
11/15/2022,3,7,78
11/16/2022,3,7,71
11/17/2022,3,7,93
11/18/2022,3,7,94
11/19/2022,3,7,92
11/20/2022,3,7,71
11/21/2022,3,7,65
11/22/2022,3,7,79
11/23/2022,3,7,73
11/24/2022,3,7,85
11/25/2022,3,7,96
11/26/2022,3,7,95
11/27/2022,3,7,70
11/28/2022,3,7,68
11/29/2022,3,7,62
11/30/2022,3,7,88
12/1/2022,3,7,56
12/2/2022,3,7,52
12/3/2022,3,7,65
12/4/2022,3,7,46
12/5/2022,3,7,45
12/6/2022,3,7,50
12/7/2022,3,7,64
12/8/2022,3,7,54
12/9/2022,3,7,61
12/10/2022,3,7,74
12/11/2022,3,7,45
12/12/2022,3,7,55
12/13/2022,3,7,50
12/14/2022,3,7,68
12/15/2022,3,7,67
12/16/2022,3,7,62
12/17/2022,3,7,63
12/18/2022,3,7,45
12/19/2022,3,7,47
12/20/2022,3,7,60
12/21/2022,3,7,54
12/22/2022,3,7,64
12/23/2022,3,7,59
12/24/2022,3,7,81
12/25/2022,3,7,46
12/26/2022,3,7,57
12/27/2022,3,7,53
12/28/2022,3,7,53
12/29/2022,3,7,51
12/30/2022,3,7,61
12/31/2022,3,7,73
