date,warehouse,item,sales
1/1/2018,1,8,33
1/2/2018,1,8,37
1/3/2018,1,8,38
1/4/2018,1,8,54
1/5/2018,1,8,51
1/6/2018,1,8,60
1/7/2018,1,8,28
1/8/2018,1,8,34
1/9/2018,1,8,40
1/10/2018,1,8,43
1/11/2018,1,8,37
1/12/2018,1,8,43
1/13/2018,1,8,43
1/14/2018,1,8,28
1/15/2018,1,8,40
1/16/2018,1,8,48
1/17/2018,1,8,38
1/18/2018,1,8,38
1/19/2018,1,8,37
1/20/2018,1,8,58
1/21/2018,1,8,30
1/22/2018,1,8,36
1/23/2018,1,8,41
1/24/2018,1,8,42
1/25/2018,1,8,41
1/26/2018,1,8,36
1/27/2018,1,8,41
1/28/2018,1,8,26
1/29/2018,1,8,43
1/30/2018,1,8,33
1/31/2018,1,8,36
2/1/2018,1,8,50
2/2/2018,1,8,54
2/3/2018,1,8,47
2/4/2018,1,8,35
2/5/2018,1,8,32
2/6/2018,1,8,38
2/7/2018,1,8,34
2/8/2018,1,8,57
2/9/2018,1,8,61
2/10/2018,1,8,55
2/11/2018,1,8,38
2/12/2018,1,8,37
2/13/2018,1,8,32
2/14/2018,1,8,42
2/15/2018,1,8,35
2/16/2018,1,8,47
2/17/2018,1,8,43
2/18/2018,1,8,32
2/19/2018,1,8,48
2/20/2018,1,8,39
2/21/2018,1,8,48
2/22/2018,1,8,50
2/23/2018,1,8,52
2/24/2018,1,8,58
2/25/2018,1,8,43
2/26/2018,1,8,45
2/27/2018,1,8,38
2/28/2018,1,8,41
3/1/2018,1,8,57
3/2/2018,1,8,56
3/3/2018,1,8,64
3/4/2018,1,8,41
3/5/2018,1,8,54
3/6/2018,1,8,50
3/7/2018,1,8,54
3/8/2018,1,8,59
3/9/2018,1,8,51
3/10/2018,1,8,67
3/11/2018,1,8,30
3/12/2018,1,8,49
3/13/2018,1,8,61
3/14/2018,1,8,52
3/15/2018,1,8,53
3/16/2018,1,8,55
3/17/2018,1,8,62
3/18/2018,1,8,44
3/19/2018,1,8,51
3/20/2018,1,8,46
3/21/2018,1,8,50
3/22/2018,1,8,46
3/23/2018,1,8,55
3/24/2018,1,8,59
3/25/2018,1,8,39
3/26/2018,1,8,45
3/27/2018,1,8,47
3/28/2018,1,8,63
3/29/2018,1,8,63
3/30/2018,1,8,51
3/31/2018,1,8,62
4/1/2018,1,8,63
4/2/2018,1,8,62
4/3/2018,1,8,72
4/4/2018,1,8,64
4/5/2018,1,8,61
4/6/2018,1,8,75
4/7/2018,1,8,82
4/8/2018,1,8,39
4/9/2018,1,8,57
4/10/2018,1,8,65
4/11/2018,1,8,52
4/12/2018,1,8,71
4/13/2018,1,8,68
4/14/2018,1,8,90
4/15/2018,1,8,45
4/16/2018,1,8,55
4/17/2018,1,8,61
4/18/2018,1,8,80
4/19/2018,1,8,58
4/20/2018,1,8,58
4/21/2018,1,8,80
4/22/2018,1,8,52
4/23/2018,1,8,47
4/24/2018,1,8,48
4/25/2018,1,8,47
4/26/2018,1,8,72
4/27/2018,1,8,76
4/28/2018,1,8,54
4/29/2018,1,8,46
4/30/2018,1,8,57
5/1/2018,1,8,69
5/2/2018,1,8,59
5/3/2018,1,8,65
5/4/2018,1,8,86
5/5/2018,1,8,77
5/6/2018,1,8,47
5/7/2018,1,8,75
5/8/2018,1,8,64
5/9/2018,1,8,76
5/10/2018,1,8,86
5/11/2018,1,8,83
5/12/2018,1,8,91
5/13/2018,1,8,48
5/14/2018,1,8,65
5/15/2018,1,8,62
5/16/2018,1,8,65
5/17/2018,1,8,76
5/18/2018,1,8,73
5/19/2018,1,8,87
5/20/2018,1,8,54
5/21/2018,1,8,69
5/22/2018,1,8,63
5/23/2018,1,8,58
5/24/2018,1,8,71
5/25/2018,1,8,56
5/26/2018,1,8,83
5/27/2018,1,8,37
5/28/2018,1,8,52
5/29/2018,1,8,73
5/30/2018,1,8,72
5/31/2018,1,8,60
6/1/2018,1,8,93
6/2/2018,1,8,83
6/3/2018,1,8,59
6/4/2018,1,8,72
6/5/2018,1,8,56
6/6/2018,1,8,90
6/7/2018,1,8,55
6/8/2018,1,8,67
6/9/2018,1,8,80
6/10/2018,1,8,46
6/11/2018,1,8,55
6/12/2018,1,8,76
6/13/2018,1,8,74
6/14/2018,1,8,79
6/15/2018,1,8,94
6/16/2018,1,8,82
6/17/2018,1,8,59
6/18/2018,1,8,56
6/19/2018,1,8,70
6/20/2018,1,8,62
6/21/2018,1,8,79
6/22/2018,1,8,87
6/23/2018,1,8,71
6/24/2018,1,8,59
6/25/2018,1,8,57
6/26/2018,1,8,65
6/27/2018,1,8,61
6/28/2018,1,8,63
6/29/2018,1,8,65
6/30/2018,1,8,77
7/1/2018,1,8,55
7/2/2018,1,8,74
7/3/2018,1,8,69
7/4/2018,1,8,67
7/5/2018,1,8,62
7/6/2018,1,8,90
7/7/2018,1,8,96
7/8/2018,1,8,61
7/9/2018,1,8,71
7/10/2018,1,8,59
7/11/2018,1,8,74
7/12/2018,1,8,80
7/13/2018,1,8,79
7/14/2018,1,8,105
7/15/2018,1,8,46
7/16/2018,1,8,70
7/17/2018,1,8,63
7/18/2018,1,8,61
7/19/2018,1,8,79
7/20/2018,1,8,78
7/21/2018,1,8,74
7/22/2018,1,8,70
7/23/2018,1,8,63
7/24/2018,1,8,72
7/25/2018,1,8,61
7/26/2018,1,8,78
7/27/2018,1,8,71
7/28/2018,1,8,71
7/29/2018,1,8,68
7/30/2018,1,8,64
7/31/2018,1,8,70
8/1/2018,1,8,69
8/2/2018,1,8,74
8/3/2018,1,8,69
8/4/2018,1,8,69
8/5/2018,1,8,49
8/6/2018,1,8,46
8/7/2018,1,8,57
8/8/2018,1,8,63
8/9/2018,1,8,78
8/10/2018,1,8,62
8/11/2018,1,8,80
8/12/2018,1,8,51
8/13/2018,1,8,66
8/14/2018,1,8,60
8/15/2018,1,8,46
8/16/2018,1,8,84
8/17/2018,1,8,72
8/18/2018,1,8,71
8/19/2018,1,8,39
8/20/2018,1,8,66
8/21/2018,1,8,64
8/22/2018,1,8,58
8/23/2018,1,8,61
8/24/2018,1,8,67
8/25/2018,1,8,85
8/26/2018,1,8,40
8/27/2018,1,8,55
8/28/2018,1,8,65
8/29/2018,1,8,65
8/30/2018,1,8,63
8/31/2018,1,8,81
9/1/2018,1,8,70
9/2/2018,1,8,46
9/3/2018,1,8,58
9/4/2018,1,8,44
9/5/2018,1,8,51
9/6/2018,1,8,52
9/7/2018,1,8,79
9/8/2018,1,8,78
9/9/2018,1,8,43
9/10/2018,1,8,60
9/11/2018,1,8,70
9/12/2018,1,8,67
9/13/2018,1,8,60
9/14/2018,1,8,60
9/15/2018,1,8,71
9/16/2018,1,8,57
9/17/2018,1,8,59
9/18/2018,1,8,56
9/19/2018,1,8,61
9/20/2018,1,8,59
9/21/2018,1,8,83
9/22/2018,1,8,78
9/23/2018,1,8,63
9/24/2018,1,8,63
9/25/2018,1,8,72
9/26/2018,1,8,49
9/27/2018,1,8,63
9/28/2018,1,8,73
9/29/2018,1,8,76
9/30/2018,1,8,47
10/1/2018,1,8,55
10/2/2018,1,8,38
10/3/2018,1,8,53
10/4/2018,1,8,61
10/5/2018,1,8,61
10/6/2018,1,8,70
10/7/2018,1,8,45
10/8/2018,1,8,41
10/9/2018,1,8,53
10/10/2018,1,8,63
10/11/2018,1,8,56
10/12/2018,1,8,67
10/13/2018,1,8,65
10/14/2018,1,8,43
10/15/2018,1,8,52
10/16/2018,1,8,56
10/17/2018,1,8,53
10/18/2018,1,8,53
10/19/2018,1,8,59
10/20/2018,1,8,74
10/21/2018,1,8,50
10/22/2018,1,8,52
10/23/2018,1,8,68
10/24/2018,1,8,55
10/25/2018,1,8,63
10/26/2018,1,8,50
10/27/2018,1,8,70
10/28/2018,1,8,50
10/29/2018,1,8,56
10/30/2018,1,8,51
10/31/2018,1,8,51
11/1/2018,1,8,66
11/2/2018,1,8,66
11/3/2018,1,8,88
11/4/2018,1,8,41
11/5/2018,1,8,59
11/6/2018,1,8,54
11/7/2018,1,8,57
11/8/2018,1,8,76
11/9/2018,1,8,63
11/10/2018,1,8,71
11/11/2018,1,8,54
11/12/2018,1,8,56
11/13/2018,1,8,63
11/14/2018,1,8,48
11/15/2018,1,8,57
11/16/2018,1,8,58
11/17/2018,1,8,54
11/18/2018,1,8,51
11/19/2018,1,8,53
11/20/2018,1,8,52
11/21/2018,1,8,74
11/22/2018,1,8,85
11/23/2018,1,8,77
11/24/2018,1,8,79
11/25/2018,1,8,51
11/26/2018,1,8,57
11/27/2018,1,8,55
11/28/2018,1,8,40
11/29/2018,1,8,65
11/30/2018,1,8,78
12/1/2018,1,8,52
12/2/2018,1,8,40
12/3/2018,1,8,52
12/4/2018,1,8,48
12/5/2018,1,8,46
12/6/2018,1,8,53
12/7/2018,1,8,46
12/8/2018,1,8,49
12/9/2018,1,8,28
12/10/2018,1,8,40
12/11/2018,1,8,38
12/12/2018,1,8,47
12/13/2018,1,8,44
12/14/2018,1,8,39
12/15/2018,1,8,64
12/16/2018,1,8,30
12/17/2018,1,8,37
12/18/2018,1,8,32
12/19/2018,1,8,45
12/20/2018,1,8,41
12/21/2018,1,8,42
12/22/2018,1,8,49
12/23/2018,1,8,34
12/24/2018,1,8,33
12/25/2018,1,8,46
12/26/2018,1,8,56
12/27/2018,1,8,43
12/28/2018,1,8,47
12/29/2018,1,8,48
12/30/2018,1,8,31
12/31/2018,1,8,35
1/1/2019,1,8,36
1/2/2019,1,8,46
1/3/2019,1,8,34
1/4/2019,1,8,52
1/5/2019,1,8,57
1/6/2019,1,8,36
1/7/2019,1,8,47
1/8/2019,1,8,49
1/9/2019,1,8,58
1/10/2019,1,8,57
1/11/2019,1,8,54
1/12/2019,1,8,64
1/13/2019,1,8,38
1/14/2019,1,8,49
1/15/2019,1,8,44
1/16/2019,1,8,53
1/17/2019,1,8,49
1/18/2019,1,8,56
1/19/2019,1,8,43
1/20/2019,1,8,35
1/21/2019,1,8,40
1/22/2019,1,8,35
1/23/2019,1,8,45
1/24/2019,1,8,37
1/25/2019,1,8,49
1/26/2019,1,8,54
1/27/2019,1,8,41
1/28/2019,1,8,33
1/29/2019,1,8,39
1/30/2019,1,8,34
1/31/2019,1,8,38
2/1/2019,1,8,68
2/2/2019,1,8,53
2/3/2019,1,8,35
2/4/2019,1,8,52
2/5/2019,1,8,57
2/6/2019,1,8,59
2/7/2019,1,8,53
2/8/2019,1,8,84
2/9/2019,1,8,56
2/10/2019,1,8,24
2/11/2019,1,8,44
2/12/2019,1,8,44
2/13/2019,1,8,58
2/14/2019,1,8,48
2/15/2019,1,8,60
2/16/2019,1,8,73
2/17/2019,1,8,32
2/18/2019,1,8,53
2/19/2019,1,8,44
2/20/2019,1,8,70
2/21/2019,1,8,50
2/22/2019,1,8,61
2/23/2019,1,8,66
2/24/2019,1,8,32
2/25/2019,1,8,32
2/26/2019,1,8,46
2/27/2019,1,8,47
2/28/2019,1,8,59
3/1/2019,1,8,77
3/2/2019,1,8,80
3/3/2019,1,8,39
3/4/2019,1,8,51
3/5/2019,1,8,46
3/6/2019,1,8,60
3/7/2019,1,8,72
3/8/2019,1,8,63
3/9/2019,1,8,80
3/10/2019,1,8,41
3/11/2019,1,8,80
3/12/2019,1,8,50
3/13/2019,1,8,55
3/14/2019,1,8,51
3/15/2019,1,8,63
3/16/2019,1,8,48
3/17/2019,1,8,44
3/18/2019,1,8,63
3/19/2019,1,8,48
3/20/2019,1,8,63
3/21/2019,1,8,55
3/22/2019,1,8,66
3/23/2019,1,8,63
3/24/2019,1,8,56
3/25/2019,1,8,67
3/26/2019,1,8,53
3/27/2019,1,8,62
3/28/2019,1,8,65
3/29/2019,1,8,55
3/30/2019,1,8,67
3/31/2019,1,8,49
4/1/2019,1,8,62
4/2/2019,1,8,73
4/3/2019,1,8,71
4/4/2019,1,8,69
4/5/2019,1,8,89
4/6/2019,1,8,79
4/7/2019,1,8,58
4/8/2019,1,8,63
4/9/2019,1,8,61
4/10/2019,1,8,72
4/11/2019,1,8,86
4/12/2019,1,8,89
4/13/2019,1,8,98
4/14/2019,1,8,62
4/15/2019,1,8,49
4/16/2019,1,8,54
4/17/2019,1,8,66
4/18/2019,1,8,68
4/19/2019,1,8,79
4/20/2019,1,8,76
4/21/2019,1,8,57
4/22/2019,1,8,74
4/23/2019,1,8,75
4/24/2019,1,8,65
4/25/2019,1,8,66
4/26/2019,1,8,70
4/27/2019,1,8,89
4/28/2019,1,8,49
4/29/2019,1,8,66
4/30/2019,1,8,68
5/1/2019,1,8,78
5/2/2019,1,8,73
5/3/2019,1,8,74
5/4/2019,1,8,76
5/5/2019,1,8,57
5/6/2019,1,8,45
5/7/2019,1,8,69
5/8/2019,1,8,72
5/9/2019,1,8,96
5/10/2019,1,8,96
5/11/2019,1,8,85
5/12/2019,1,8,60
5/13/2019,1,8,64
5/14/2019,1,8,77
5/15/2019,1,8,76
5/16/2019,1,8,73
5/17/2019,1,8,77
5/18/2019,1,8,89
5/19/2019,1,8,58
5/20/2019,1,8,61
5/21/2019,1,8,60
5/22/2019,1,8,62
5/23/2019,1,8,72
5/24/2019,1,8,74
5/25/2019,1,8,95
5/26/2019,1,8,57
5/27/2019,1,8,58
5/28/2019,1,8,69
5/29/2019,1,8,84
5/30/2019,1,8,71
5/31/2019,1,8,106
6/1/2019,1,8,110
6/2/2019,1,8,67
6/3/2019,1,8,85
6/4/2019,1,8,72
6/5/2019,1,8,88
6/6/2019,1,8,70
6/7/2019,1,8,83
6/8/2019,1,8,87
6/9/2019,1,8,51
6/10/2019,1,8,80
6/11/2019,1,8,64
6/12/2019,1,8,70
6/13/2019,1,8,88
6/14/2019,1,8,81
6/15/2019,1,8,91
6/16/2019,1,8,60
6/17/2019,1,8,99
6/18/2019,1,8,97
6/19/2019,1,8,81
6/20/2019,1,8,84
6/21/2019,1,8,101
6/22/2019,1,8,97
6/23/2019,1,8,58
6/24/2019,1,8,64
6/25/2019,1,8,81
6/26/2019,1,8,82
6/27/2019,1,8,100
6/28/2019,1,8,100
6/29/2019,1,8,101
6/30/2019,1,8,68
7/1/2019,1,8,81
7/2/2019,1,8,73
7/3/2019,1,8,82
7/4/2019,1,8,85
7/5/2019,1,8,96
7/6/2019,1,8,100
7/7/2019,1,8,56
7/8/2019,1,8,100
7/9/2019,1,8,75
7/10/2019,1,8,78
7/11/2019,1,8,77
7/12/2019,1,8,73
7/13/2019,1,8,105
7/14/2019,1,8,57
7/15/2019,1,8,77
7/16/2019,1,8,87
7/17/2019,1,8,84
7/18/2019,1,8,98
7/19/2019,1,8,87
7/20/2019,1,8,94
7/21/2019,1,8,69
7/22/2019,1,8,86
7/23/2019,1,8,79
7/24/2019,1,8,91
7/25/2019,1,8,89
7/26/2019,1,8,91
7/27/2019,1,8,100
7/28/2019,1,8,63
7/29/2019,1,8,88
7/30/2019,1,8,75
7/31/2019,1,8,82
8/1/2019,1,8,82
8/2/2019,1,8,85
8/3/2019,1,8,97
8/4/2019,1,8,48
8/5/2019,1,8,73
8/6/2019,1,8,65
8/7/2019,1,8,84
8/8/2019,1,8,84
8/9/2019,1,8,76
8/10/2019,1,8,81
8/11/2019,1,8,59
8/12/2019,1,8,72
8/13/2019,1,8,71
8/14/2019,1,8,65
8/15/2019,1,8,86
8/16/2019,1,8,74
8/17/2019,1,8,93
8/18/2019,1,8,63
8/19/2019,1,8,62
8/20/2019,1,8,76
8/21/2019,1,8,67
8/22/2019,1,8,84
8/23/2019,1,8,85
8/24/2019,1,8,84
8/25/2019,1,8,56
8/26/2019,1,8,70
8/27/2019,1,8,63
8/28/2019,1,8,64
8/29/2019,1,8,76
8/30/2019,1,8,81
8/31/2019,1,8,75
9/1/2019,1,8,51
9/2/2019,1,8,72
9/3/2019,1,8,59
9/4/2019,1,8,53
9/5/2019,1,8,84
9/6/2019,1,8,77
9/7/2019,1,8,95
9/8/2019,1,8,63
9/9/2019,1,8,73
9/10/2019,1,8,56
9/11/2019,1,8,69
9/12/2019,1,8,79
9/13/2019,1,8,77
9/14/2019,1,8,95
9/15/2019,1,8,58
9/16/2019,1,8,62
9/17/2019,1,8,65
9/18/2019,1,8,75
9/19/2019,1,8,84
9/20/2019,1,8,80
9/21/2019,1,8,78
9/22/2019,1,8,50
9/23/2019,1,8,61
9/24/2019,1,8,69
9/25/2019,1,8,65
9/26/2019,1,8,61
9/27/2019,1,8,86
9/28/2019,1,8,88
9/29/2019,1,8,77
9/30/2019,1,8,66
10/1/2019,1,8,53
10/2/2019,1,8,60
10/3/2019,1,8,60
10/4/2019,1,8,88
10/5/2019,1,8,88
10/6/2019,1,8,53
10/7/2019,1,8,50
10/8/2019,1,8,64
10/9/2019,1,8,61
10/10/2019,1,8,68
10/11/2019,1,8,82
10/12/2019,1,8,76
10/13/2019,1,8,43
10/14/2019,1,8,54
10/15/2019,1,8,67
10/16/2019,1,8,53
10/17/2019,1,8,76
10/18/2019,1,8,77
10/19/2019,1,8,86
10/20/2019,1,8,54
10/21/2019,1,8,73
10/22/2019,1,8,62
10/23/2019,1,8,79
10/24/2019,1,8,74
10/25/2019,1,8,79
10/26/2019,1,8,98
10/27/2019,1,8,58
10/28/2019,1,8,55
10/29/2019,1,8,52
10/30/2019,1,8,57
10/31/2019,1,8,60
11/1/2019,1,8,83
11/2/2019,1,8,79
11/3/2019,1,8,57
11/4/2019,1,8,60
11/5/2019,1,8,57
11/6/2019,1,8,63
11/7/2019,1,8,85
11/8/2019,1,8,73
11/9/2019,1,8,90
11/10/2019,1,8,70
11/11/2019,1,8,68
11/12/2019,1,8,61
11/13/2019,1,8,84
11/14/2019,1,8,83
11/15/2019,1,8,92
11/16/2019,1,8,90
11/17/2019,1,8,61
11/18/2019,1,8,75
11/19/2019,1,8,57
11/20/2019,1,8,68
11/21/2019,1,8,80
11/22/2019,1,8,62
11/23/2019,1,8,88
11/24/2019,1,8,58
11/25/2019,1,8,76
11/26/2019,1,8,72
11/27/2019,1,8,76
11/28/2019,1,8,73
11/29/2019,1,8,68
11/30/2019,1,8,82
12/1/2019,1,8,37
12/2/2019,1,8,45
12/3/2019,1,8,47
12/4/2019,1,8,47
12/5/2019,1,8,51
12/6/2019,1,8,53
12/7/2019,1,8,60
12/8/2019,1,8,29
12/9/2019,1,8,52
12/10/2019,1,8,44
12/11/2019,1,8,45
12/12/2019,1,8,64
12/13/2019,1,8,43
12/14/2019,1,8,68
12/15/2019,1,8,37
12/16/2019,1,8,50
12/17/2019,1,8,43
12/18/2019,1,8,46
12/19/2019,1,8,49
12/20/2019,1,8,57
12/21/2019,1,8,62
12/22/2019,1,8,40
12/23/2019,1,8,47
12/24/2019,1,8,51
12/25/2019,1,8,54
12/26/2019,1,8,42
12/27/2019,1,8,53
12/28/2019,1,8,60
12/29/2019,1,8,41
12/30/2019,1,8,48
12/31/2019,1,8,35
1/1/2020,1,8,41
1/2/2020,1,8,41
1/3/2020,1,8,49
1/4/2020,1,8,58
1/5/2020,1,8,43
1/6/2020,1,8,43
1/7/2020,1,8,40
1/8/2020,1,8,39
1/9/2020,1,8,32
1/10/2020,1,8,50
1/11/2020,1,8,58
1/12/2020,1,8,48
1/13/2020,1,8,49
1/14/2020,1,8,37
1/15/2020,1,8,48
1/16/2020,1,8,54
1/17/2020,1,8,49
1/18/2020,1,8,56
1/19/2020,1,8,49
1/20/2020,1,8,58
1/21/2020,1,8,42
1/22/2020,1,8,54
1/23/2020,1,8,45
1/24/2020,1,8,59
1/25/2020,1,8,62
1/26/2020,1,8,28
1/27/2020,1,8,54
1/28/2020,1,8,45
1/29/2020,1,8,53
1/30/2020,1,8,58
1/31/2020,1,8,53
2/1/2020,1,8,59
2/2/2020,1,8,43
2/3/2020,1,8,45
2/4/2020,1,8,56
2/5/2020,1,8,47
2/6/2020,1,8,66
2/7/2020,1,8,57
2/8/2020,1,8,71
2/9/2020,1,8,45
2/10/2020,1,8,56
2/11/2020,1,8,49
2/12/2020,1,8,55
2/13/2020,1,8,57
2/14/2020,1,8,56
2/15/2020,1,8,46
2/16/2020,1,8,41
2/17/2020,1,8,39
2/18/2020,1,8,46
2/19/2020,1,8,57
2/20/2020,1,8,56
2/21/2020,1,8,48
2/22/2020,1,8,46
2/23/2020,1,8,41
2/24/2020,1,8,54
2/25/2020,1,8,41
2/26/2020,1,8,59
2/27/2020,1,8,37
2/28/2020,1,8,70
3/1/2020,1,8,73
3/2/2020,1,8,54
3/3/2020,1,8,63
3/4/2020,1,8,58
3/5/2020,1,8,65
3/6/2020,1,8,74
3/7/2020,1,8,79
3/8/2020,1,8,73
3/9/2020,1,8,54
3/10/2020,1,8,53
3/11/2020,1,8,67
3/12/2020,1,8,67
3/13/2020,1,8,70
3/14/2020,1,8,75
3/15/2020,1,8,81
3/16/2020,1,8,40
3/17/2020,1,8,57
3/18/2020,1,8,58
3/19/2020,1,8,69
3/20/2020,1,8,68
3/21/2020,1,8,63
3/22/2020,1,8,80
3/23/2020,1,8,50
3/24/2020,1,8,60
3/25/2020,1,8,70
3/26/2020,1,8,62
3/27/2020,1,8,65
3/28/2020,1,8,69
3/29/2020,1,8,71
3/30/2020,1,8,52
3/31/2020,1,8,63
4/1/2020,1,8,60
4/2/2020,1,8,71
4/3/2020,1,8,87
4/4/2020,1,8,75
4/5/2020,1,8,91
4/6/2020,1,8,49
4/7/2020,1,8,86
4/8/2020,1,8,72
4/9/2020,1,8,71
4/10/2020,1,8,83
4/11/2020,1,8,77
4/12/2020,1,8,82
4/13/2020,1,8,63
4/14/2020,1,8,81
4/15/2020,1,8,57
4/16/2020,1,8,71
4/17/2020,1,8,69
4/18/2020,1,8,84
4/19/2020,1,8,89
4/20/2020,1,8,55
4/21/2020,1,8,80
4/22/2020,1,8,51
4/23/2020,1,8,49
4/24/2020,1,8,86
4/25/2020,1,8,68
4/26/2020,1,8,103
4/27/2020,1,8,61
4/28/2020,1,8,75
4/29/2020,1,8,60
4/30/2020,1,8,73
5/1/2020,1,8,79
5/2/2020,1,8,84
5/3/2020,1,8,102
5/4/2020,1,8,50
5/5/2020,1,8,62
5/6/2020,1,8,75
5/7/2020,1,8,70
5/8/2020,1,8,72
5/9/2020,1,8,88
5/10/2020,1,8,93
5/11/2020,1,8,53
5/12/2020,1,8,70
5/13/2020,1,8,90
5/14/2020,1,8,79
5/15/2020,1,8,81
5/16/2020,1,8,72
5/17/2020,1,8,81
5/18/2020,1,8,55
5/19/2020,1,8,55
5/20/2020,1,8,76
5/21/2020,1,8,69
5/22/2020,1,8,82
5/23/2020,1,8,83
5/24/2020,1,8,93
5/25/2020,1,8,62
5/26/2020,1,8,79
5/27/2020,1,8,62
5/28/2020,1,8,69
5/29/2020,1,8,77
5/30/2020,1,8,92
5/31/2020,1,8,80
6/1/2020,1,8,67
6/2/2020,1,8,73
6/3/2020,1,8,78
6/4/2020,1,8,89
6/5/2020,1,8,100
6/6/2020,1,8,106
6/7/2020,1,8,108
6/8/2020,1,8,66
6/9/2020,1,8,89
6/10/2020,1,8,76
6/11/2020,1,8,85
6/12/2020,1,8,88
6/13/2020,1,8,96
6/14/2020,1,8,106
6/15/2020,1,8,62
6/16/2020,1,8,75
6/17/2020,1,8,72
6/18/2020,1,8,86
6/19/2020,1,8,95
6/20/2020,1,8,111
6/21/2020,1,8,98
6/22/2020,1,8,55
6/23/2020,1,8,74
6/24/2020,1,8,68
6/25/2020,1,8,91
6/26/2020,1,8,94
6/27/2020,1,8,76
6/28/2020,1,8,85
6/29/2020,1,8,81
6/30/2020,1,8,74
7/1/2020,1,8,81
7/2/2020,1,8,98
7/3/2020,1,8,93
7/4/2020,1,8,108
7/5/2020,1,8,103
7/6/2020,1,8,70
7/7/2020,1,8,88
7/8/2020,1,8,85
7/9/2020,1,8,87
7/10/2020,1,8,100
7/11/2020,1,8,114
7/12/2020,1,8,101
7/13/2020,1,8,52
7/14/2020,1,8,84
7/15/2020,1,8,65
7/16/2020,1,8,89
7/17/2020,1,8,99
7/18/2020,1,8,89
7/19/2020,1,8,89
7/20/2020,1,8,75
7/21/2020,1,8,87
7/22/2020,1,8,66
7/23/2020,1,8,98
7/24/2020,1,8,91
7/25/2020,1,8,101
7/26/2020,1,8,102
7/27/2020,1,8,52
7/28/2020,1,8,79
7/29/2020,1,8,94
7/30/2020,1,8,80
7/31/2020,1,8,82
8/1/2020,1,8,89
8/2/2020,1,8,94
8/3/2020,1,8,66
8/4/2020,1,8,70
8/5/2020,1,8,77
8/6/2020,1,8,88
8/7/2020,1,8,94
8/8/2020,1,8,92
8/9/2020,1,8,86
8/10/2020,1,8,54
8/11/2020,1,8,78
8/12/2020,1,8,80
8/13/2020,1,8,65
8/14/2020,1,8,74
8/15/2020,1,8,83
8/16/2020,1,8,92
8/17/2020,1,8,59
8/18/2020,1,8,75
8/19/2020,1,8,80
8/20/2020,1,8,88
8/21/2020,1,8,70
8/22/2020,1,8,84
8/23/2020,1,8,100
8/24/2020,1,8,58
8/25/2020,1,8,66
8/26/2020,1,8,81
8/27/2020,1,8,74
8/28/2020,1,8,81
8/29/2020,1,8,84
8/30/2020,1,8,112
8/31/2020,1,8,61
9/1/2020,1,8,56
9/2/2020,1,8,62
9/3/2020,1,8,74
9/4/2020,1,8,82
9/5/2020,1,8,85
9/6/2020,1,8,95
9/7/2020,1,8,57
9/8/2020,1,8,83
9/9/2020,1,8,69
9/10/2020,1,8,86
9/11/2020,1,8,75
9/12/2020,1,8,74
9/13/2020,1,8,96
9/14/2020,1,8,59
9/15/2020,1,8,75
9/16/2020,1,8,74
9/17/2020,1,8,61
9/18/2020,1,8,83
9/19/2020,1,8,85
9/20/2020,1,8,83
9/21/2020,1,8,56
9/22/2020,1,8,83
9/23/2020,1,8,60
9/24/2020,1,8,71
9/25/2020,1,8,60
9/26/2020,1,8,78
9/27/2020,1,8,85
9/28/2020,1,8,58
9/29/2020,1,8,76
9/30/2020,1,8,58
10/1/2020,1,8,62
10/2/2020,1,8,90
10/3/2020,1,8,86
10/4/2020,1,8,72
10/5/2020,1,8,61
10/6/2020,1,8,56
10/7/2020,1,8,53
10/8/2020,1,8,63
10/9/2020,1,8,68
10/10/2020,1,8,82
10/11/2020,1,8,88
10/12/2020,1,8,64
10/13/2020,1,8,63
10/14/2020,1,8,54
10/15/2020,1,8,65
10/16/2020,1,8,77
10/17/2020,1,8,83
10/18/2020,1,8,66
10/19/2020,1,8,39
10/20/2020,1,8,59
10/21/2020,1,8,54
10/22/2020,1,8,72
10/23/2020,1,8,71
10/24/2020,1,8,81
10/25/2020,1,8,85
10/26/2020,1,8,57
10/27/2020,1,8,64
10/28/2020,1,8,61
10/29/2020,1,8,63
10/30/2020,1,8,71
10/31/2020,1,8,79
11/1/2020,1,8,68
11/2/2020,1,8,66
11/3/2020,1,8,64
11/4/2020,1,8,87
11/5/2020,1,8,64
11/6/2020,1,8,80
11/7/2020,1,8,71
11/8/2020,1,8,81
11/9/2020,1,8,59
11/10/2020,1,8,67
11/11/2020,1,8,58
11/12/2020,1,8,84
11/13/2020,1,8,69
11/14/2020,1,8,86
11/15/2020,1,8,73
11/16/2020,1,8,72
11/17/2020,1,8,75
11/18/2020,1,8,68
11/19/2020,1,8,60
11/20/2020,1,8,88
11/21/2020,1,8,71
11/22/2020,1,8,81
11/23/2020,1,8,61
11/24/2020,1,8,63
11/25/2020,1,8,65
11/26/2020,1,8,74
11/27/2020,1,8,85
11/28/2020,1,8,85
11/29/2020,1,8,79
11/30/2020,1,8,58
12/1/2020,1,8,48
12/2/2020,1,8,48
12/3/2020,1,8,57
12/4/2020,1,8,52
12/5/2020,1,8,60
12/6/2020,1,8,64
12/7/2020,1,8,45
12/8/2020,1,8,43
12/9/2020,1,8,44
12/10/2020,1,8,49
12/11/2020,1,8,50
12/12/2020,1,8,44
12/13/2020,1,8,69
12/14/2020,1,8,43
12/15/2020,1,8,50
12/16/2020,1,8,48
12/17/2020,1,8,42
12/18/2020,1,8,58
12/19/2020,1,8,73
12/20/2020,1,8,61
12/21/2020,1,8,63
12/22/2020,1,8,48
12/23/2020,1,8,50
12/24/2020,1,8,62
12/25/2020,1,8,76
12/26/2020,1,8,51
12/27/2020,1,8,74
12/28/2020,1,8,47
12/29/2020,1,8,59
12/30/2020,1,8,55
12/31/2020,1,8,61
1/1/2021,1,8,56
1/2/2021,1,8,68
1/3/2021,1,8,58
1/4/2021,1,8,41
1/5/2021,1,8,43
1/6/2021,1,8,58
1/7/2021,1,8,42
1/8/2021,1,8,50
1/9/2021,1,8,57
1/10/2021,1,8,54
1/11/2021,1,8,36
1/12/2021,1,8,50
1/13/2021,1,8,39
1/14/2021,1,8,54
1/15/2021,1,8,55
1/16/2021,1,8,67
1/17/2021,1,8,83
1/18/2021,1,8,39
1/19/2021,1,8,43
1/20/2021,1,8,45
1/21/2021,1,8,47
1/22/2021,1,8,53
1/23/2021,1,8,59
1/24/2021,1,8,49
1/25/2021,1,8,41
1/26/2021,1,8,46
1/27/2021,1,8,44
1/28/2021,1,8,46
1/29/2021,1,8,55
1/30/2021,1,8,62
1/31/2021,1,8,62
2/1/2021,1,8,41
2/2/2021,1,8,49
2/3/2021,1,8,57
2/4/2021,1,8,59
2/5/2021,1,8,63
2/6/2021,1,8,72
2/7/2021,1,8,75
2/8/2021,1,8,43
2/9/2021,1,8,48
2/10/2021,1,8,36
2/11/2021,1,8,53
2/12/2021,1,8,60
2/13/2021,1,8,74
2/14/2021,1,8,73
2/15/2021,1,8,31
2/16/2021,1,8,63
2/17/2021,1,8,57
2/18/2021,1,8,68
2/19/2021,1,8,69
2/20/2021,1,8,55
2/21/2021,1,8,78
2/22/2021,1,8,43
2/23/2021,1,8,44
2/24/2021,1,8,66
2/25/2021,1,8,59
2/26/2021,1,8,54
2/27/2021,1,8,68
2/28/2021,1,8,71
2/29/2021,1,8,44
3/1/2021,1,8,64
3/2/2021,1,8,54
3/3/2021,1,8,61
3/4/2021,1,8,54
3/5/2021,1,8,88
3/6/2021,1,8,77
3/7/2021,1,8,50
3/8/2021,1,8,66
3/9/2021,1,8,58
3/10/2021,1,8,68
3/11/2021,1,8,75
3/12/2021,1,8,86
3/13/2021,1,8,92
3/14/2021,1,8,54
3/15/2021,1,8,68
3/16/2021,1,8,75
3/17/2021,1,8,66
3/18/2021,1,8,68
3/19/2021,1,8,82
3/20/2021,1,8,82
3/21/2021,1,8,61
3/22/2021,1,8,56
3/23/2021,1,8,77
3/24/2021,1,8,67
3/25/2021,1,8,74
3/26/2021,1,8,87
3/27/2021,1,8,93
3/28/2021,1,8,66
3/29/2021,1,8,54
3/30/2021,1,8,64
3/31/2021,1,8,85
4/1/2021,1,8,83
4/2/2021,1,8,99
4/3/2021,1,8,106
4/4/2021,1,8,61
4/5/2021,1,8,70
4/6/2021,1,8,70
4/7/2021,1,8,80
4/8/2021,1,8,86
4/9/2021,1,8,97
4/10/2021,1,8,97
4/11/2021,1,8,58
4/12/2021,1,8,82
4/13/2021,1,8,74
4/14/2021,1,8,69
4/15/2021,1,8,77
4/16/2021,1,8,83
4/17/2021,1,8,72
4/18/2021,1,8,43
4/19/2021,1,8,77
4/20/2021,1,8,82
4/21/2021,1,8,89
4/22/2021,1,8,80
4/23/2021,1,8,100
4/24/2021,1,8,101
4/25/2021,1,8,65
4/26/2021,1,8,79
4/27/2021,1,8,68
4/28/2021,1,8,85
4/29/2021,1,8,95
4/30/2021,1,8,100
5/1/2021,1,8,105
5/2/2021,1,8,69
5/3/2021,1,8,74
5/4/2021,1,8,82
5/5/2021,1,8,80
5/6/2021,1,8,103
5/7/2021,1,8,79
5/8/2021,1,8,110
5/9/2021,1,8,64
5/10/2021,1,8,62
5/11/2021,1,8,83
5/12/2021,1,8,90
5/13/2021,1,8,85
5/14/2021,1,8,99
5/15/2021,1,8,100
5/16/2021,1,8,73
5/17/2021,1,8,79
5/18/2021,1,8,86
5/19/2021,1,8,70
5/20/2021,1,8,82
5/21/2021,1,8,88
5/22/2021,1,8,116
5/23/2021,1,8,77
5/24/2021,1,8,73
5/25/2021,1,8,77
5/26/2021,1,8,99
5/27/2021,1,8,86
5/28/2021,1,8,81
5/29/2021,1,8,97
5/30/2021,1,8,59
5/31/2021,1,8,83
6/1/2021,1,8,80
6/2/2021,1,8,94
6/3/2021,1,8,96
6/4/2021,1,8,105
6/5/2021,1,8,114
6/6/2021,1,8,83
6/7/2021,1,8,82
6/8/2021,1,8,82
6/9/2021,1,8,96
6/10/2021,1,8,96
6/11/2021,1,8,88
6/12/2021,1,8,121
6/13/2021,1,8,67
6/14/2021,1,8,83
6/15/2021,1,8,73
6/16/2021,1,8,86
6/17/2021,1,8,85
6/18/2021,1,8,96
6/19/2021,1,8,120
6/20/2021,1,8,83
6/21/2021,1,8,83
6/22/2021,1,8,89
6/23/2021,1,8,90
6/24/2021,1,8,90
6/25/2021,1,8,102
6/26/2021,1,8,87
6/27/2021,1,8,65
6/28/2021,1,8,89
6/29/2021,1,8,78
6/30/2021,1,8,75
7/1/2021,1,8,101
7/2/2021,1,8,105
7/3/2021,1,8,93
7/4/2021,1,8,74
7/5/2021,1,8,91
7/6/2021,1,8,95
7/7/2021,1,8,93
7/8/2021,1,8,102
7/9/2021,1,8,108
7/10/2021,1,8,99
7/11/2021,1,8,87
7/12/2021,1,8,79
7/13/2021,1,8,100
7/14/2021,1,8,100
7/15/2021,1,8,117
7/16/2021,1,8,114
7/17/2021,1,8,120
7/18/2021,1,8,81
7/19/2021,1,8,101
7/20/2021,1,8,102
7/21/2021,1,8,84
7/22/2021,1,8,110
7/23/2021,1,8,112
7/24/2021,1,8,114
7/25/2021,1,8,66
7/26/2021,1,8,70
7/27/2021,1,8,73
7/28/2021,1,8,94
7/29/2021,1,8,112
7/30/2021,1,8,121
7/31/2021,1,8,114
8/1/2021,1,8,64
8/2/2021,1,8,69
8/3/2021,1,8,77
8/4/2021,1,8,79
8/5/2021,1,8,76
8/6/2021,1,8,113
8/7/2021,1,8,87
8/8/2021,1,8,60
8/9/2021,1,8,88
8/10/2021,1,8,89
8/11/2021,1,8,92
8/12/2021,1,8,99
8/13/2021,1,8,102
8/14/2021,1,8,94
8/15/2021,1,8,76
8/16/2021,1,8,85
8/17/2021,1,8,80
8/18/2021,1,8,90
8/19/2021,1,8,87
8/20/2021,1,8,87
8/21/2021,1,8,89
8/22/2021,1,8,68
8/23/2021,1,8,83
8/24/2021,1,8,77
8/25/2021,1,8,59
8/26/2021,1,8,84
8/27/2021,1,8,95
8/28/2021,1,8,113
8/29/2021,1,8,64
8/30/2021,1,8,79
8/31/2021,1,8,82
9/1/2021,1,8,90
9/2/2021,1,8,75
9/3/2021,1,8,83
9/4/2021,1,8,89
9/5/2021,1,8,61
9/6/2021,1,8,79
9/7/2021,1,8,63
9/8/2021,1,8,72
9/9/2021,1,8,89
9/10/2021,1,8,83
9/11/2021,1,8,81
9/12/2021,1,8,60
9/13/2021,1,8,70
9/14/2021,1,8,88
9/15/2021,1,8,88
9/16/2021,1,8,96
9/17/2021,1,8,89
9/18/2021,1,8,94
9/19/2021,1,8,45
9/20/2021,1,8,75
9/21/2021,1,8,59
9/22/2021,1,8,71
9/23/2021,1,8,78
9/24/2021,1,8,93
9/25/2021,1,8,97
9/26/2021,1,8,52
9/27/2021,1,8,84
9/28/2021,1,8,77
9/29/2021,1,8,71
9/30/2021,1,8,65
10/1/2021,1,8,102
10/2/2021,1,8,84
10/3/2021,1,8,65
10/4/2021,1,8,62
10/5/2021,1,8,67
10/6/2021,1,8,75
10/7/2021,1,8,72
10/8/2021,1,8,81
10/9/2021,1,8,82
10/10/2021,1,8,63
10/11/2021,1,8,87
10/12/2021,1,8,61
10/13/2021,1,8,69
10/14/2021,1,8,83
10/15/2021,1,8,83
10/16/2021,1,8,92
10/17/2021,1,8,67
10/18/2021,1,8,72
10/19/2021,1,8,59
10/20/2021,1,8,73
10/21/2021,1,8,81
10/22/2021,1,8,75
10/23/2021,1,8,107
10/24/2021,1,8,59
10/25/2021,1,8,70
10/26/2021,1,8,78
10/27/2021,1,8,69
10/28/2021,1,8,71
10/29/2021,1,8,69
10/30/2021,1,8,80
10/31/2021,1,8,61
11/1/2021,1,8,82
11/2/2021,1,8,68
11/3/2021,1,8,76
11/4/2021,1,8,69
11/5/2021,1,8,86
11/6/2021,1,8,106
11/7/2021,1,8,61
11/8/2021,1,8,62
11/9/2021,1,8,74
11/10/2021,1,8,68
11/11/2021,1,8,79
11/12/2021,1,8,89
11/13/2021,1,8,83
11/14/2021,1,8,67
11/15/2021,1,8,71
11/16/2021,1,8,65
11/17/2021,1,8,76
11/18/2021,1,8,68
11/19/2021,1,8,89
11/20/2021,1,8,90
11/21/2021,1,8,58
11/22/2021,1,8,78
11/23/2021,1,8,74
11/24/2021,1,8,89
11/25/2021,1,8,75
11/26/2021,1,8,77
11/27/2021,1,8,92
11/28/2021,1,8,73
11/29/2021,1,8,81
11/30/2021,1,8,70
12/1/2021,1,8,54
12/2/2021,1,8,67
12/3/2021,1,8,68
12/4/2021,1,8,84
12/5/2021,1,8,53
12/6/2021,1,8,59
12/7/2021,1,8,51
12/8/2021,1,8,58
12/9/2021,1,8,61
12/10/2021,1,8,68
12/11/2021,1,8,65
12/12/2021,1,8,61
12/13/2021,1,8,41
12/14/2021,1,8,73
12/15/2021,1,8,43
12/16/2021,1,8,67
12/17/2021,1,8,71
12/18/2021,1,8,72
12/19/2021,1,8,30
12/20/2021,1,8,40
12/21/2021,1,8,60
12/22/2021,1,8,59
12/23/2021,1,8,88
12/24/2021,1,8,70
12/25/2021,1,8,69
12/26/2021,1,8,47
12/27/2021,1,8,42
12/28/2021,1,8,53
12/29/2021,1,8,52
12/30/2021,1,8,67
12/31/2021,1,8,66
1/1/2022,1,8,65
1/2/2022,1,8,35
1/3/2022,1,8,45
1/4/2022,1,8,50
1/5/2022,1,8,41
1/6/2022,1,8,59
1/7/2022,1,8,84
1/8/2022,1,8,57
1/9/2022,1,8,42
1/10/2022,1,8,46
1/11/2022,1,8,48
1/12/2022,1,8,59
1/13/2022,1,8,54
1/14/2022,1,8,63
1/15/2022,1,8,67
1/16/2022,1,8,47
1/17/2022,1,8,40
1/18/2022,1,8,44
1/19/2022,1,8,53
1/20/2022,1,8,60
1/21/2022,1,8,58
1/22/2022,1,8,56
1/23/2022,1,8,45
1/24/2022,1,8,39
1/25/2022,1,8,58
1/26/2022,1,8,49
1/27/2022,1,8,60
1/28/2022,1,8,55
1/29/2022,1,8,52
1/30/2022,1,8,32
1/31/2022,1,8,53
2/1/2022,1,8,55
2/2/2022,1,8,54
2/3/2022,1,8,67
2/4/2022,1,8,51
2/5/2022,1,8,64
2/6/2022,1,8,47
2/7/2022,1,8,47
2/8/2022,1,8,50
2/9/2022,1,8,60
2/10/2022,1,8,56
2/11/2022,1,8,64
2/12/2022,1,8,62
2/13/2022,1,8,42
2/14/2022,1,8,55
2/15/2022,1,8,49
2/16/2022,1,8,59
2/17/2022,1,8,60
2/18/2022,1,8,66
2/19/2022,1,8,78
2/20/2022,1,8,49
2/21/2022,1,8,53
2/22/2022,1,8,56
2/23/2022,1,8,56
2/24/2022,1,8,48
2/25/2022,1,8,72
2/26/2022,1,8,81
2/27/2022,1,8,53
2/28/2022,1,8,46
3/1/2022,1,8,67
3/2/2022,1,8,70
3/3/2022,1,8,81
3/4/2022,1,8,66
3/5/2022,1,8,89
3/6/2022,1,8,49
3/7/2022,1,8,65
3/8/2022,1,8,64
3/9/2022,1,8,91
3/10/2022,1,8,75
3/11/2022,1,8,89
3/12/2022,1,8,74
3/13/2022,1,8,67
3/14/2022,1,8,58
3/15/2022,1,8,56
3/16/2022,1,8,65
3/17/2022,1,8,65
3/18/2022,1,8,84
3/19/2022,1,8,82
3/20/2022,1,8,48
3/21/2022,1,8,77
3/22/2022,1,8,75
3/23/2022,1,8,67
3/24/2022,1,8,53
3/25/2022,1,8,83
3/26/2022,1,8,90
3/27/2022,1,8,49
3/28/2022,1,8,78
3/29/2022,1,8,69
3/30/2022,1,8,75
3/31/2022,1,8,78
4/1/2022,1,8,105
4/2/2022,1,8,76
4/3/2022,1,8,74
4/4/2022,1,8,62
4/5/2022,1,8,67
4/6/2022,1,8,84
4/7/2022,1,8,96
4/8/2022,1,8,96
4/9/2022,1,8,95
4/10/2022,1,8,57
4/11/2022,1,8,64
4/12/2022,1,8,91
4/13/2022,1,8,78
4/14/2022,1,8,100
4/15/2022,1,8,92
4/16/2022,1,8,97
4/17/2022,1,8,78
4/18/2022,1,8,84
4/19/2022,1,8,65
4/20/2022,1,8,80
4/21/2022,1,8,90
4/22/2022,1,8,91
4/23/2022,1,8,96
4/24/2022,1,8,69
4/25/2022,1,8,76
4/26/2022,1,8,74
4/27/2022,1,8,87
4/28/2022,1,8,90
4/29/2022,1,8,85
4/30/2022,1,8,97
5/1/2022,1,8,60
5/2/2022,1,8,87
5/3/2022,1,8,96
5/4/2022,1,8,73
5/5/2022,1,8,99
5/6/2022,1,8,109
5/7/2022,1,8,86
5/8/2022,1,8,93
5/9/2022,1,8,86
5/10/2022,1,8,81
5/11/2022,1,8,118
5/12/2022,1,8,96
5/13/2022,1,8,88
5/14/2022,1,8,87
5/15/2022,1,8,58
5/16/2022,1,8,87
5/17/2022,1,8,88
5/18/2022,1,8,80
5/19/2022,1,8,87
5/20/2022,1,8,101
5/21/2022,1,8,112
5/22/2022,1,8,65
5/23/2022,1,8,71
5/24/2022,1,8,80
5/25/2022,1,8,89
5/26/2022,1,8,85
5/27/2022,1,8,99
5/28/2022,1,8,110
5/29/2022,1,8,67
5/30/2022,1,8,73
5/31/2022,1,8,97
6/1/2022,1,8,99
6/2/2022,1,8,102
6/3/2022,1,8,112
6/4/2022,1,8,109
6/5/2022,1,8,74
6/6/2022,1,8,91
6/7/2022,1,8,78
6/8/2022,1,8,118
6/9/2022,1,8,115
6/10/2022,1,8,105
6/11/2022,1,8,117
6/12/2022,1,8,71
6/13/2022,1,8,99
6/14/2022,1,8,108
6/15/2022,1,8,86
6/16/2022,1,8,102
6/17/2022,1,8,79
6/18/2022,1,8,116
6/19/2022,1,8,72
6/20/2022,1,8,106
6/21/2022,1,8,97
6/22/2022,1,8,92
6/23/2022,1,8,118
6/24/2022,1,8,91
6/25/2022,1,8,113
6/26/2022,1,8,83
6/27/2022,1,8,98
6/28/2022,1,8,81
6/29/2022,1,8,102
6/30/2022,1,8,103
7/1/2022,1,8,111
7/2/2022,1,8,105
7/3/2022,1,8,76
7/4/2022,1,8,88
7/5/2022,1,8,74
7/6/2022,1,8,103
7/7/2022,1,8,105
7/8/2022,1,8,106
7/9/2022,1,8,137
7/10/2022,1,8,67
7/11/2022,1,8,85
7/12/2022,1,8,81
7/13/2022,1,8,99
7/14/2022,1,8,128
7/15/2022,1,8,118
7/16/2022,1,8,115
7/17/2022,1,8,80
7/18/2022,1,8,81
7/19/2022,1,8,95
7/20/2022,1,8,88
7/21/2022,1,8,84
7/22/2022,1,8,106
7/23/2022,1,8,127
7/24/2022,1,8,85
7/25/2022,1,8,101
7/26/2022,1,8,91
7/27/2022,1,8,103
7/28/2022,1,8,103
7/29/2022,1,8,116
7/30/2022,1,8,101
7/31/2022,1,8,86
8/1/2022,1,8,78
8/2/2022,1,8,98
8/3/2022,1,8,76
8/4/2022,1,8,89
8/5/2022,1,8,99
8/6/2022,1,8,109
8/7/2022,1,8,74
8/8/2022,1,8,87
8/9/2022,1,8,82
8/10/2022,1,8,81
8/11/2022,1,8,99
8/12/2022,1,8,87
8/13/2022,1,8,100
8/14/2022,1,8,62
8/15/2022,1,8,85
8/16/2022,1,8,81
8/17/2022,1,8,91
8/18/2022,1,8,90
8/19/2022,1,8,92
8/20/2022,1,8,122
8/21/2022,1,8,72
8/22/2022,1,8,66
8/23/2022,1,8,73
8/24/2022,1,8,93
8/25/2022,1,8,99
8/26/2022,1,8,98
8/27/2022,1,8,118
8/28/2022,1,8,78
8/29/2022,1,8,79
8/30/2022,1,8,95
8/31/2022,1,8,82
9/1/2022,1,8,90
9/2/2022,1,8,90
9/3/2022,1,8,85
9/4/2022,1,8,66
9/5/2022,1,8,89
9/6/2022,1,8,71
9/7/2022,1,8,93
9/8/2022,1,8,105
9/9/2022,1,8,106
9/10/2022,1,8,92
9/11/2022,1,8,65
9/12/2022,1,8,75
9/13/2022,1,8,67
9/14/2022,1,8,80
9/15/2022,1,8,87
9/16/2022,1,8,84
9/17/2022,1,8,93
9/18/2022,1,8,58
9/19/2022,1,8,74
9/20/2022,1,8,71
9/21/2022,1,8,85
9/22/2022,1,8,100
9/23/2022,1,8,114
9/24/2022,1,8,102
9/25/2022,1,8,72
9/26/2022,1,8,88
9/27/2022,1,8,87
9/28/2022,1,8,65
9/29/2022,1,8,103
9/30/2022,1,8,90
10/1/2022,1,8,100
10/2/2022,1,8,64
10/3/2022,1,8,57
10/4/2022,1,8,61
10/5/2022,1,8,69
10/6/2022,1,8,69
10/7/2022,1,8,99
10/8/2022,1,8,103
10/9/2022,1,8,44
10/10/2022,1,8,64
10/11/2022,1,8,76
10/12/2022,1,8,70
10/13/2022,1,8,85
10/14/2022,1,8,81
10/15/2022,1,8,91
10/16/2022,1,8,70
10/17/2022,1,8,85
10/18/2022,1,8,79
10/19/2022,1,8,76
10/20/2022,1,8,77
10/21/2022,1,8,89
10/22/2022,1,8,96
10/23/2022,1,8,60
10/24/2022,1,8,89
10/25/2022,1,8,62
10/26/2022,1,8,67
10/27/2022,1,8,95
10/28/2022,1,8,85
10/29/2022,1,8,92
10/30/2022,1,8,62
10/31/2022,1,8,61
11/1/2022,1,8,79
11/2/2022,1,8,79
11/3/2022,1,8,93
11/4/2022,1,8,87
11/5/2022,1,8,107
11/6/2022,1,8,63
11/7/2022,1,8,95
11/8/2022,1,8,88
11/9/2022,1,8,82
11/10/2022,1,8,89
11/11/2022,1,8,90
11/12/2022,1,8,90
11/13/2022,1,8,63
11/14/2022,1,8,66
11/15/2022,1,8,67
11/16/2022,1,8,82
11/17/2022,1,8,83
11/18/2022,1,8,100
11/19/2022,1,8,93
11/20/2022,1,8,64
11/21/2022,1,8,90
11/22/2022,1,8,60
11/23/2022,1,8,85
11/24/2022,1,8,81
11/25/2022,1,8,113
11/26/2022,1,8,85
11/27/2022,1,8,54
11/28/2022,1,8,71
11/29/2022,1,8,83
11/30/2022,1,8,76
12/1/2022,1,8,69
12/2/2022,1,8,52
12/3/2022,1,8,64
12/4/2022,1,8,58
12/5/2022,1,8,42
12/6/2022,1,8,58
12/7/2022,1,8,60
12/8/2022,1,8,65
12/9/2022,1,8,62
12/10/2022,1,8,69
12/11/2022,1,8,45
12/12/2022,1,8,66
12/13/2022,1,8,57
12/14/2022,1,8,56
12/15/2022,1,8,78
12/16/2022,1,8,60
12/17/2022,1,8,73
12/18/2022,1,8,52
12/19/2022,1,8,44
12/20/2022,1,8,52
12/21/2022,1,8,79
12/22/2022,1,8,77
12/23/2022,1,8,70
12/24/2022,1,8,59
12/25/2022,1,8,56
12/26/2022,1,8,51
12/27/2022,1,8,58
12/28/2022,1,8,49
12/29/2022,1,8,54
12/30/2022,1,8,75
12/31/2022,1,8,62
1/1/2018,2,8,49
1/2/2018,2,8,42
1/3/2018,2,8,46
1/4/2018,2,8,55
1/5/2018,2,8,64
1/6/2018,2,8,66
1/7/2018,2,8,52
1/8/2018,2,8,60
1/9/2018,2,8,52
1/10/2018,2,8,65
1/11/2018,2,8,58
1/12/2018,2,8,53
1/13/2018,2,8,77
1/14/2018,2,8,51
1/15/2018,2,8,49
1/16/2018,2,8,57
1/17/2018,2,8,61
1/18/2018,2,8,67
1/19/2018,2,8,67
1/20/2018,2,8,73
1/21/2018,2,8,45
1/22/2018,2,8,41
1/23/2018,2,8,60
1/24/2018,2,8,49
1/25/2018,2,8,54
1/26/2018,2,8,71
1/27/2018,2,8,64
1/28/2018,2,8,35
1/29/2018,2,8,53
1/30/2018,2,8,53
1/31/2018,2,8,65
2/1/2018,2,8,65
2/2/2018,2,8,92
2/3/2018,2,8,91
2/4/2018,2,8,41
2/5/2018,2,8,62
2/6/2018,2,8,59
2/7/2018,2,8,56
2/8/2018,2,8,53
2/9/2018,2,8,59
2/10/2018,2,8,66
2/11/2018,2,8,45
2/12/2018,2,8,60
2/13/2018,2,8,65
2/14/2018,2,8,43
2/15/2018,2,8,62
2/16/2018,2,8,58
2/17/2018,2,8,64
2/18/2018,2,8,54
2/19/2018,2,8,61
2/20/2018,2,8,59
2/21/2018,2,8,63
2/22/2018,2,8,63
2/23/2018,2,8,77
2/24/2018,2,8,79
2/25/2018,2,8,41
2/26/2018,2,8,51
2/27/2018,2,8,54
2/28/2018,2,8,42
3/1/2018,2,8,75
3/2/2018,2,8,74
3/3/2018,2,8,99
3/4/2018,2,8,74
3/5/2018,2,8,57
3/6/2018,2,8,79
3/7/2018,2,8,65
3/8/2018,2,8,80
3/9/2018,2,8,75
3/10/2018,2,8,69
3/11/2018,2,8,47
3/12/2018,2,8,65
3/13/2018,2,8,68
3/14/2018,2,8,55
3/15/2018,2,8,81
3/16/2018,2,8,84
3/17/2018,2,8,82
3/18/2018,2,8,64
3/19/2018,2,8,67
3/20/2018,2,8,71
3/21/2018,2,8,89
3/22/2018,2,8,87
3/23/2018,2,8,80
3/24/2018,2,8,80
3/25/2018,2,8,73
3/26/2018,2,8,70
3/27/2018,2,8,63
3/28/2018,2,8,72
3/29/2018,2,8,78
3/30/2018,2,8,72
3/31/2018,2,8,86
4/1/2018,2,8,71
4/2/2018,2,8,84
4/3/2018,2,8,76
4/4/2018,2,8,80
4/5/2018,2,8,93
4/6/2018,2,8,93
4/7/2018,2,8,90
4/8/2018,2,8,66
4/9/2018,2,8,80
4/10/2018,2,8,89
4/11/2018,2,8,100
4/12/2018,2,8,85
4/13/2018,2,8,84
4/14/2018,2,8,119
4/15/2018,2,8,66
4/16/2018,2,8,64
4/17/2018,2,8,89
4/18/2018,2,8,90
4/19/2018,2,8,97
4/20/2018,2,8,93
4/21/2018,2,8,107
4/22/2018,2,8,67
4/23/2018,2,8,77
4/24/2018,2,8,79
4/25/2018,2,8,87
4/26/2018,2,8,95
4/27/2018,2,8,101
4/28/2018,2,8,102
4/29/2018,2,8,91
4/30/2018,2,8,65
5/1/2018,2,8,89
5/2/2018,2,8,106
5/3/2018,2,8,94
5/4/2018,2,8,108
5/5/2018,2,8,110
5/6/2018,2,8,72
5/7/2018,2,8,83
5/8/2018,2,8,76
5/9/2018,2,8,83
5/10/2018,2,8,72
5/11/2018,2,8,112
5/12/2018,2,8,104
5/13/2018,2,8,67
5/14/2018,2,8,87
5/15/2018,2,8,82
5/16/2018,2,8,114
5/17/2018,2,8,98
5/18/2018,2,8,106
5/19/2018,2,8,114
5/20/2018,2,8,79
5/21/2018,2,8,96
5/22/2018,2,8,96
5/23/2018,2,8,90
5/24/2018,2,8,106
5/25/2018,2,8,106
5/26/2018,2,8,116
5/27/2018,2,8,70
5/28/2018,2,8,84
5/29/2018,2,8,81
5/30/2018,2,8,91
5/31/2018,2,8,88
6/1/2018,2,8,113
6/2/2018,2,8,131
6/3/2018,2,8,67
6/4/2018,2,8,80
6/5/2018,2,8,92
6/6/2018,2,8,105
6/7/2018,2,8,131
6/8/2018,2,8,112
6/9/2018,2,8,116
6/10/2018,2,8,79
6/11/2018,2,8,103
6/12/2018,2,8,107
6/13/2018,2,8,103
6/14/2018,2,8,107
6/15/2018,2,8,112
6/16/2018,2,8,111
6/17/2018,2,8,82
6/18/2018,2,8,94
6/19/2018,2,8,94
6/20/2018,2,8,90
6/21/2018,2,8,127
6/22/2018,2,8,93
6/23/2018,2,8,125
6/24/2018,2,8,80
6/25/2018,2,8,91
6/26/2018,2,8,108
6/27/2018,2,8,102
6/28/2018,2,8,93
6/29/2018,2,8,104
6/30/2018,2,8,113
7/1/2018,2,8,74
7/2/2018,2,8,87
7/3/2018,2,8,100
7/4/2018,2,8,114
7/5/2018,2,8,104
7/6/2018,2,8,113
7/7/2018,2,8,138
7/8/2018,2,8,81
7/9/2018,2,8,83
7/10/2018,2,8,80
7/11/2018,2,8,99
7/12/2018,2,8,107
7/13/2018,2,8,130
7/14/2018,2,8,130
7/15/2018,2,8,78
7/16/2018,2,8,124
7/17/2018,2,8,103
7/18/2018,2,8,89
7/19/2018,2,8,115
7/20/2018,2,8,139
7/21/2018,2,8,131
7/22/2018,2,8,89
7/23/2018,2,8,108
7/24/2018,2,8,103
7/25/2018,2,8,106
7/26/2018,2,8,97
7/27/2018,2,8,120
7/28/2018,2,8,136
7/29/2018,2,8,82
7/30/2018,2,8,103
7/31/2018,2,8,111
8/1/2018,2,8,103
8/2/2018,2,8,98
8/3/2018,2,8,97
8/4/2018,2,8,129
8/5/2018,2,8,64
8/6/2018,2,8,90
8/7/2018,2,8,80
8/8/2018,2,8,91
8/9/2018,2,8,88
8/10/2018,2,8,105
8/11/2018,2,8,104
8/12/2018,2,8,69
8/13/2018,2,8,95
8/14/2018,2,8,102
8/15/2018,2,8,83
8/16/2018,2,8,123
8/17/2018,2,8,92
8/18/2018,2,8,119
8/19/2018,2,8,82
8/20/2018,2,8,88
8/21/2018,2,8,88
8/22/2018,2,8,103
8/23/2018,2,8,90
8/24/2018,2,8,102
8/25/2018,2,8,99
8/26/2018,2,8,73
8/27/2018,2,8,82
8/28/2018,2,8,86
8/29/2018,2,8,85
8/30/2018,2,8,125
8/31/2018,2,8,89
9/1/2018,2,8,120
9/2/2018,2,8,78
9/3/2018,2,8,68
9/4/2018,2,8,71
9/5/2018,2,8,97
9/6/2018,2,8,95
9/7/2018,2,8,102
9/8/2018,2,8,101
9/9/2018,2,8,56
9/10/2018,2,8,84
9/11/2018,2,8,74
9/12/2018,2,8,89
9/13/2018,2,8,103
9/14/2018,2,8,102
9/15/2018,2,8,95
9/16/2018,2,8,69
9/17/2018,2,8,88
9/18/2018,2,8,70
9/19/2018,2,8,80
9/20/2018,2,8,90
9/21/2018,2,8,100
9/22/2018,2,8,94
9/23/2018,2,8,61
9/24/2018,2,8,94
9/25/2018,2,8,98
9/26/2018,2,8,85
9/27/2018,2,8,112
9/28/2018,2,8,108
9/29/2018,2,8,98
9/30/2018,2,8,59
10/1/2018,2,8,85
10/2/2018,2,8,64
10/3/2018,2,8,85
10/4/2018,2,8,71
10/5/2018,2,8,94
10/6/2018,2,8,84
10/7/2018,2,8,52
10/8/2018,2,8,81
10/9/2018,2,8,72
10/10/2018,2,8,94
10/11/2018,2,8,99
10/12/2018,2,8,99
10/13/2018,2,8,80
10/14/2018,2,8,72
10/15/2018,2,8,82
10/16/2018,2,8,76
10/17/2018,2,8,89
10/18/2018,2,8,82
10/19/2018,2,8,104
10/20/2018,2,8,102
10/21/2018,2,8,56
10/22/2018,2,8,78
10/23/2018,2,8,68
10/24/2018,2,8,79
10/25/2018,2,8,85
10/26/2018,2,8,107
10/27/2018,2,8,76
10/28/2018,2,8,52
10/29/2018,2,8,71
10/30/2018,2,8,98
10/31/2018,2,8,80
11/1/2018,2,8,82
11/2/2018,2,8,96
11/3/2018,2,8,120
11/4/2018,2,8,74
11/5/2018,2,8,83
11/6/2018,2,8,83
11/7/2018,2,8,87
11/8/2018,2,8,90
11/9/2018,2,8,107
11/10/2018,2,8,101
11/11/2018,2,8,65
11/12/2018,2,8,69
11/13/2018,2,8,90
11/14/2018,2,8,77
11/15/2018,2,8,110
11/16/2018,2,8,81
11/17/2018,2,8,98
11/18/2018,2,8,92
11/19/2018,2,8,103
11/20/2018,2,8,85
11/21/2018,2,8,97
11/22/2018,2,8,61
11/23/2018,2,8,88
11/24/2018,2,8,121
11/25/2018,2,8,91
11/26/2018,2,8,92
11/27/2018,2,8,85
11/28/2018,2,8,104
11/29/2018,2,8,83
11/30/2018,2,8,104
12/1/2018,2,8,64
12/2/2018,2,8,50
12/3/2018,2,8,45
12/4/2018,2,8,58
12/5/2018,2,8,53
12/6/2018,2,8,76
12/7/2018,2,8,67
12/8/2018,2,8,67
12/9/2018,2,8,48
12/10/2018,2,8,71
12/11/2018,2,8,76
12/12/2018,2,8,64
12/13/2018,2,8,68
12/14/2018,2,8,62
12/15/2018,2,8,81
12/16/2018,2,8,49
12/17/2018,2,8,55
12/18/2018,2,8,59
12/19/2018,2,8,66
12/20/2018,2,8,67
12/21/2018,2,8,73
12/22/2018,2,8,77
12/23/2018,2,8,36
12/24/2018,2,8,46
12/25/2018,2,8,58
12/26/2018,2,8,55
12/27/2018,2,8,70
12/28/2018,2,8,76
12/29/2018,2,8,69
12/30/2018,2,8,56
12/31/2018,2,8,51
1/1/2019,2,8,58
1/2/2019,2,8,58
1/3/2019,2,8,84
1/4/2019,2,8,71
1/5/2019,2,8,85
1/6/2019,2,8,56
1/7/2019,2,8,56
1/8/2019,2,8,49
1/9/2019,2,8,66
1/10/2019,2,8,52
1/11/2019,2,8,85
1/12/2019,2,8,85
1/13/2019,2,8,64
1/14/2019,2,8,65
1/15/2019,2,8,54
1/16/2019,2,8,68
1/17/2019,2,8,69
1/18/2019,2,8,85
1/19/2019,2,8,90
1/20/2019,2,8,62
1/21/2019,2,8,59
1/22/2019,2,8,53
1/23/2019,2,8,73
1/24/2019,2,8,65
1/25/2019,2,8,68
1/26/2019,2,8,67
1/27/2019,2,8,46
1/28/2019,2,8,56
1/29/2019,2,8,57
1/30/2019,2,8,55
1/31/2019,2,8,75
2/1/2019,2,8,81
2/2/2019,2,8,93
2/3/2019,2,8,62
2/4/2019,2,8,68
2/5/2019,2,8,56
2/6/2019,2,8,83
2/7/2019,2,8,74
2/8/2019,2,8,78
2/9/2019,2,8,67
2/10/2019,2,8,62
2/11/2019,2,8,64
2/12/2019,2,8,74
2/13/2019,2,8,77
2/14/2019,2,8,73
2/15/2019,2,8,96
2/16/2019,2,8,82
2/17/2019,2,8,56
2/18/2019,2,8,72
2/19/2019,2,8,61
2/20/2019,2,8,52
2/21/2019,2,8,69
2/22/2019,2,8,79
2/23/2019,2,8,82
2/24/2019,2,8,61
2/25/2019,2,8,80
2/26/2019,2,8,69
2/27/2019,2,8,59
2/28/2019,2,8,52
3/1/2019,2,8,80
3/2/2019,2,8,102
3/3/2019,2,8,64
3/4/2019,2,8,78
3/5/2019,2,8,89
3/6/2019,2,8,83
3/7/2019,2,8,99
3/8/2019,2,8,96
3/9/2019,2,8,97
3/10/2019,2,8,71
3/11/2019,2,8,84
3/12/2019,2,8,84
3/13/2019,2,8,85
3/14/2019,2,8,84
3/15/2019,2,8,87
3/16/2019,2,8,97
3/17/2019,2,8,71
3/18/2019,2,8,77
3/19/2019,2,8,83
3/20/2019,2,8,82
3/21/2019,2,8,96
3/22/2019,2,8,90
3/23/2019,2,8,113
3/24/2019,2,8,70
3/25/2019,2,8,70
3/26/2019,2,8,72
3/27/2019,2,8,93
3/28/2019,2,8,87
3/29/2019,2,8,102
3/30/2019,2,8,102
3/31/2019,2,8,70
4/1/2019,2,8,92
4/2/2019,2,8,85
4/3/2019,2,8,99
4/4/2019,2,8,100
4/5/2019,2,8,109
4/6/2019,2,8,131
4/7/2019,2,8,75
4/8/2019,2,8,91
4/9/2019,2,8,103
4/10/2019,2,8,98
4/11/2019,2,8,95
4/12/2019,2,8,120
4/13/2019,2,8,131
4/14/2019,2,8,78
4/15/2019,2,8,83
4/16/2019,2,8,108
4/17/2019,2,8,108
4/18/2019,2,8,106
4/19/2019,2,8,96
4/20/2019,2,8,112
4/21/2019,2,8,88
4/22/2019,2,8,102
4/23/2019,2,8,84
4/24/2019,2,8,100
4/25/2019,2,8,121
4/26/2019,2,8,86
4/27/2019,2,8,106
4/28/2019,2,8,84
4/29/2019,2,8,93
4/30/2019,2,8,88
5/1/2019,2,8,101
5/2/2019,2,8,125
5/3/2019,2,8,110
5/4/2019,2,8,152
5/5/2019,2,8,93
5/6/2019,2,8,90
5/7/2019,2,8,94
5/8/2019,2,8,106
5/9/2019,2,8,119
5/10/2019,2,8,111
5/11/2019,2,8,122
5/12/2019,2,8,98
5/13/2019,2,8,97
5/14/2019,2,8,100
5/15/2019,2,8,121
5/16/2019,2,8,93
5/17/2019,2,8,122
5/18/2019,2,8,130
5/19/2019,2,8,84
5/20/2019,2,8,93
5/21/2019,2,8,98
5/22/2019,2,8,111
5/23/2019,2,8,135
5/24/2019,2,8,106
5/25/2019,2,8,129
5/26/2019,2,8,91
5/27/2019,2,8,92
5/28/2019,2,8,99
5/29/2019,2,8,102
5/30/2019,2,8,131
5/31/2019,2,8,99
6/1/2019,2,8,138
6/2/2019,2,8,97
6/3/2019,2,8,98
6/4/2019,2,8,99
6/5/2019,2,8,119
6/6/2019,2,8,126
6/7/2019,2,8,130
6/8/2019,2,8,147
6/9/2019,2,8,83
6/10/2019,2,8,107
6/11/2019,2,8,105
6/12/2019,2,8,103
6/13/2019,2,8,138
6/14/2019,2,8,129
6/15/2019,2,8,144
6/16/2019,2,8,95
6/17/2019,2,8,106
6/18/2019,2,8,97
6/19/2019,2,8,97
6/20/2019,2,8,112
6/21/2019,2,8,137
6/22/2019,2,8,148
6/23/2019,2,8,88
6/24/2019,2,8,100
6/25/2019,2,8,122
6/26/2019,2,8,115
6/27/2019,2,8,121
6/28/2019,2,8,137
6/29/2019,2,8,131
6/30/2019,2,8,96
7/1/2019,2,8,117
7/2/2019,2,8,106
7/3/2019,2,8,130
7/4/2019,2,8,119
7/5/2019,2,8,169
7/6/2019,2,8,156
7/7/2019,2,8,102
7/8/2019,2,8,111
7/9/2019,2,8,128
7/10/2019,2,8,126
7/11/2019,2,8,116
7/12/2019,2,8,144
7/13/2019,2,8,159
7/14/2019,2,8,109
7/15/2019,2,8,103
7/16/2019,2,8,118
7/17/2019,2,8,108
7/18/2019,2,8,124
7/19/2019,2,8,137
7/20/2019,2,8,153
7/21/2019,2,8,97
7/22/2019,2,8,105
7/23/2019,2,8,111
7/24/2019,2,8,130
7/25/2019,2,8,125
7/26/2019,2,8,122
7/27/2019,2,8,152
7/28/2019,2,8,74
7/29/2019,2,8,90
7/30/2019,2,8,125
7/31/2019,2,8,119
8/1/2019,2,8,122
8/2/2019,2,8,107
8/3/2019,2,8,129
8/4/2019,2,8,92
8/5/2019,2,8,91
8/6/2019,2,8,102
8/7/2019,2,8,99
8/8/2019,2,8,113
8/9/2019,2,8,124
8/10/2019,2,8,137
8/11/2019,2,8,83
8/12/2019,2,8,110
8/13/2019,2,8,115
8/14/2019,2,8,111
8/15/2019,2,8,116
8/16/2019,2,8,117
8/17/2019,2,8,127
8/18/2019,2,8,74
8/19/2019,2,8,83
8/20/2019,2,8,82
8/21/2019,2,8,104
8/22/2019,2,8,98
8/23/2019,2,8,117
8/24/2019,2,8,123
8/25/2019,2,8,77
8/26/2019,2,8,96
8/27/2019,2,8,81
8/28/2019,2,8,89
8/29/2019,2,8,112
8/30/2019,2,8,134
8/31/2019,2,8,144
9/1/2019,2,8,91
9/2/2019,2,8,109
9/3/2019,2,8,99
9/4/2019,2,8,100
9/5/2019,2,8,99
9/6/2019,2,8,116
9/7/2019,2,8,114
9/8/2019,2,8,66
9/9/2019,2,8,95
9/10/2019,2,8,113
9/11/2019,2,8,87
9/12/2019,2,8,104
9/13/2019,2,8,119
9/14/2019,2,8,128
9/15/2019,2,8,72
9/16/2019,2,8,100
9/17/2019,2,8,79
9/18/2019,2,8,94
9/19/2019,2,8,104
9/20/2019,2,8,112
9/21/2019,2,8,131
9/22/2019,2,8,79
9/23/2019,2,8,127
9/24/2019,2,8,78
9/25/2019,2,8,106
9/26/2019,2,8,89
9/27/2019,2,8,122
9/28/2019,2,8,116
9/29/2019,2,8,79
9/30/2019,2,8,85
10/1/2019,2,8,96
10/2/2019,2,8,103
10/3/2019,2,8,96
10/4/2019,2,8,115
10/5/2019,2,8,128
10/6/2019,2,8,72
10/7/2019,2,8,75
10/8/2019,2,8,79
10/9/2019,2,8,74
10/10/2019,2,8,111
10/11/2019,2,8,80
10/12/2019,2,8,107
10/13/2019,2,8,73
10/14/2019,2,8,77
10/15/2019,2,8,78
10/16/2019,2,8,87
10/17/2019,2,8,106
10/18/2019,2,8,98
10/19/2019,2,8,113
10/20/2019,2,8,72
10/21/2019,2,8,86
10/22/2019,2,8,82
10/23/2019,2,8,92
10/24/2019,2,8,95
10/25/2019,2,8,94
10/26/2019,2,8,109
10/27/2019,2,8,74
10/28/2019,2,8,84
10/29/2019,2,8,95
10/30/2019,2,8,105
10/31/2019,2,8,94
11/1/2019,2,8,119
11/2/2019,2,8,124
11/3/2019,2,8,79
11/4/2019,2,8,83
11/5/2019,2,8,94
11/6/2019,2,8,99
11/7/2019,2,8,119
11/8/2019,2,8,102
11/9/2019,2,8,138
11/10/2019,2,8,76
11/11/2019,2,8,108
11/12/2019,2,8,102
11/13/2019,2,8,74
11/14/2019,2,8,110
11/15/2019,2,8,112
11/16/2019,2,8,123
11/17/2019,2,8,72
11/18/2019,2,8,90
11/19/2019,2,8,101
11/20/2019,2,8,96
11/21/2019,2,8,112
11/22/2019,2,8,110
11/23/2019,2,8,116
11/24/2019,2,8,81
11/25/2019,2,8,97
11/26/2019,2,8,112
11/27/2019,2,8,94
11/28/2019,2,8,110
11/29/2019,2,8,115
11/30/2019,2,8,114
12/1/2019,2,8,62
12/2/2019,2,8,67
12/3/2019,2,8,64
12/4/2019,2,8,74
12/5/2019,2,8,62
12/6/2019,2,8,70
12/7/2019,2,8,74
12/8/2019,2,8,45
12/9/2019,2,8,75
12/10/2019,2,8,65
12/11/2019,2,8,86
12/12/2019,2,8,70
12/13/2019,2,8,90
12/14/2019,2,8,79
12/15/2019,2,8,47
12/16/2019,2,8,54
12/17/2019,2,8,63
12/18/2019,2,8,71
12/19/2019,2,8,74
12/20/2019,2,8,72
12/21/2019,2,8,86
12/22/2019,2,8,57
12/23/2019,2,8,71
12/24/2019,2,8,71
12/25/2019,2,8,79
12/26/2019,2,8,80
12/27/2019,2,8,74
12/28/2019,2,8,76
12/29/2019,2,8,53
12/30/2019,2,8,86
12/31/2019,2,8,59
1/1/2020,2,8,84
1/2/2020,2,8,58
1/3/2020,2,8,69
1/4/2020,2,8,79
1/5/2020,2,8,53
1/6/2020,2,8,65
1/7/2020,2,8,52
1/8/2020,2,8,74
1/9/2020,2,8,67
1/10/2020,2,8,72
1/11/2020,2,8,86
1/12/2020,2,8,47
1/13/2020,2,8,61
1/14/2020,2,8,78
1/15/2020,2,8,65
1/16/2020,2,8,63
1/17/2020,2,8,75
1/18/2020,2,8,76
1/19/2020,2,8,50
1/20/2020,2,8,46
1/21/2020,2,8,50
1/22/2020,2,8,70
1/23/2020,2,8,76
1/24/2020,2,8,80
1/25/2020,2,8,92
1/26/2020,2,8,50
1/27/2020,2,8,62
1/28/2020,2,8,63
1/29/2020,2,8,66
1/30/2020,2,8,69
1/31/2020,2,8,83
2/1/2020,2,8,80
2/2/2020,2,8,65
2/3/2020,2,8,61
2/4/2020,2,8,69
2/5/2020,2,8,82
2/6/2020,2,8,72
2/7/2020,2,8,82
2/8/2020,2,8,93
2/9/2020,2,8,70
2/10/2020,2,8,69
2/11/2020,2,8,74
2/12/2020,2,8,77
2/13/2020,2,8,88
2/14/2020,2,8,89
2/15/2020,2,8,96
2/16/2020,2,8,50
2/17/2020,2,8,60
2/18/2020,2,8,66
2/19/2020,2,8,72
2/20/2020,2,8,83
2/21/2020,2,8,102
2/22/2020,2,8,84
2/23/2020,2,8,60
2/24/2020,2,8,67
2/25/2020,2,8,62
2/26/2020,2,8,76
2/27/2020,2,8,74
2/28/2020,2,8,97
3/1/2020,2,8,124
3/2/2020,2,8,72
3/3/2020,2,8,91
3/4/2020,2,8,112
3/5/2020,2,8,79
3/6/2020,2,8,82
3/7/2020,2,8,96
3/8/2020,2,8,111
3/9/2020,2,8,61
3/10/2020,2,8,84
3/11/2020,2,8,74
3/12/2020,2,8,86
3/13/2020,2,8,105
3/14/2020,2,8,99
3/15/2020,2,8,95
3/16/2020,2,8,78
3/17/2020,2,8,77
3/18/2020,2,8,81
3/19/2020,2,8,96
3/20/2020,2,8,99
3/21/2020,2,8,104
3/22/2020,2,8,119
3/23/2020,2,8,82
3/24/2020,2,8,74
3/25/2020,2,8,81
3/26/2020,2,8,89
3/27/2020,2,8,90
3/28/2020,2,8,104
3/29/2020,2,8,88
3/30/2020,2,8,74
3/31/2020,2,8,84
4/1/2020,2,8,87
4/2/2020,2,8,103
4/3/2020,2,8,130
4/4/2020,2,8,113
4/5/2020,2,8,141
4/6/2020,2,8,73
4/7/2020,2,8,83
4/8/2020,2,8,93
4/9/2020,2,8,108
4/10/2020,2,8,138
4/11/2020,2,8,107
4/12/2020,2,8,127
4/13/2020,2,8,75
4/14/2020,2,8,93
4/15/2020,2,8,107
4/16/2020,2,8,102
4/17/2020,2,8,96
4/18/2020,2,8,100
4/19/2020,2,8,130
4/20/2020,2,8,89
4/21/2020,2,8,91
4/22/2020,2,8,96
4/23/2020,2,8,105
4/24/2020,2,8,112
4/25/2020,2,8,107
4/26/2020,2,8,116
4/27/2020,2,8,80
4/28/2020,2,8,94
4/29/2020,2,8,79
4/30/2020,2,8,82
5/1/2020,2,8,130
5/2/2020,2,8,124
5/3/2020,2,8,137
5/4/2020,2,8,93
5/5/2020,2,8,127
5/6/2020,2,8,112
5/7/2020,2,8,114
5/8/2020,2,8,115
5/9/2020,2,8,131
5/10/2020,2,8,139
5/11/2020,2,8,96
5/12/2020,2,8,94
5/13/2020,2,8,94
5/14/2020,2,8,103
5/15/2020,2,8,123
5/16/2020,2,8,125
5/17/2020,2,8,135
5/18/2020,2,8,73
5/19/2020,2,8,110
5/20/2020,2,8,107
5/21/2020,2,8,114
5/22/2020,2,8,122
5/23/2020,2,8,123
5/24/2020,2,8,117
5/25/2020,2,8,98
5/26/2020,2,8,82
5/27/2020,2,8,99
5/28/2020,2,8,117
5/29/2020,2,8,109
5/30/2020,2,8,142
5/31/2020,2,8,118
6/1/2020,2,8,92
6/2/2020,2,8,85
6/3/2020,2,8,115
6/4/2020,2,8,128
6/5/2020,2,8,140
6/6/2020,2,8,157
6/7/2020,2,8,155
6/8/2020,2,8,89
6/9/2020,2,8,122
6/10/2020,2,8,119
6/11/2020,2,8,118
6/12/2020,2,8,126
6/13/2020,2,8,147
6/14/2020,2,8,163
6/15/2020,2,8,77
6/16/2020,2,8,105
6/17/2020,2,8,107
6/18/2020,2,8,110
6/19/2020,2,8,111
6/20/2020,2,8,143
6/21/2020,2,8,121
6/22/2020,2,8,87
6/23/2020,2,8,107
6/24/2020,2,8,118
6/25/2020,2,8,132
6/26/2020,2,8,123
6/27/2020,2,8,126
6/28/2020,2,8,132
6/29/2020,2,8,100
6/30/2020,2,8,108
7/1/2020,2,8,115
7/2/2020,2,8,135
7/3/2020,2,8,113
7/4/2020,2,8,128
7/5/2020,2,8,148
7/6/2020,2,8,115
7/7/2020,2,8,109
7/8/2020,2,8,97
7/9/2020,2,8,142
7/10/2020,2,8,148
7/11/2020,2,8,121
7/12/2020,2,8,163
7/13/2020,2,8,117
7/14/2020,2,8,117
7/15/2020,2,8,120
7/16/2020,2,8,104
7/17/2020,2,8,148
7/18/2020,2,8,150
7/19/2020,2,8,154
7/20/2020,2,8,102
7/21/2020,2,8,116
7/22/2020,2,8,117
7/23/2020,2,8,139
7/24/2020,2,8,141
7/25/2020,2,8,131
7/26/2020,2,8,165
7/27/2020,2,8,120
7/28/2020,2,8,102
7/29/2020,2,8,117
7/30/2020,2,8,138
7/31/2020,2,8,133
8/1/2020,2,8,128
8/2/2020,2,8,115
8/3/2020,2,8,89
8/4/2020,2,8,97
8/5/2020,2,8,97
8/6/2020,2,8,94
8/7/2020,2,8,107
8/8/2020,2,8,125
8/9/2020,2,8,116
8/10/2020,2,8,91
8/11/2020,2,8,111
8/12/2020,2,8,75
8/13/2020,2,8,113
8/14/2020,2,8,110
8/15/2020,2,8,117
8/16/2020,2,8,126
8/17/2020,2,8,88
8/18/2020,2,8,102
8/19/2020,2,8,106
8/20/2020,2,8,93
8/21/2020,2,8,113
8/22/2020,2,8,127
8/23/2020,2,8,116
8/24/2020,2,8,70
8/25/2020,2,8,109
8/26/2020,2,8,96
8/27/2020,2,8,127
8/28/2020,2,8,126
8/29/2020,2,8,122
8/30/2020,2,8,135
8/31/2020,2,8,115
9/1/2020,2,8,97
9/2/2020,2,8,100
9/3/2020,2,8,101
9/4/2020,2,8,121
9/5/2020,2,8,126
9/6/2020,2,8,126
9/7/2020,2,8,76
9/8/2020,2,8,98
9/9/2020,2,8,120
9/10/2020,2,8,91
9/11/2020,2,8,109
9/12/2020,2,8,113
9/13/2020,2,8,135
9/14/2020,2,8,80
9/15/2020,2,8,102
9/16/2020,2,8,79
9/17/2020,2,8,111
9/18/2020,2,8,120
9/19/2020,2,8,122
9/20/2020,2,8,131
9/21/2020,2,8,87
9/22/2020,2,8,89
9/23/2020,2,8,103
9/24/2020,2,8,109
9/25/2020,2,8,111
9/26/2020,2,8,116
9/27/2020,2,8,134
9/28/2020,2,8,100
9/29/2020,2,8,118
9/30/2020,2,8,85
10/1/2020,2,8,92
10/2/2020,2,8,120
10/3/2020,2,8,91
10/4/2020,2,8,95
10/5/2020,2,8,79
10/6/2020,2,8,87
10/7/2020,2,8,86
10/8/2020,2,8,105
10/9/2020,2,8,98
10/10/2020,2,8,99
10/11/2020,2,8,127
10/12/2020,2,8,77
10/13/2020,2,8,102
10/14/2020,2,8,96
10/15/2020,2,8,102
10/16/2020,2,8,107
10/17/2020,2,8,103
10/18/2020,2,8,105
10/19/2020,2,8,71
10/20/2020,2,8,90
10/21/2020,2,8,78
10/22/2020,2,8,81
10/23/2020,2,8,107
10/24/2020,2,8,117
10/25/2020,2,8,118
10/26/2020,2,8,89
10/27/2020,2,8,85
10/28/2020,2,8,101
10/29/2020,2,8,86
10/30/2020,2,8,113
10/31/2020,2,8,102
11/1/2020,2,8,122
11/2/2020,2,8,77
11/3/2020,2,8,96
11/4/2020,2,8,90
11/5/2020,2,8,101
11/6/2020,2,8,117
11/7/2020,2,8,122
11/8/2020,2,8,125
11/9/2020,2,8,89
11/10/2020,2,8,90
11/11/2020,2,8,108
11/12/2020,2,8,128
11/13/2020,2,8,105
11/14/2020,2,8,111
11/15/2020,2,8,117
11/16/2020,2,8,87
11/17/2020,2,8,96
11/18/2020,2,8,84
11/19/2020,2,8,88
11/20/2020,2,8,129
11/21/2020,2,8,115
11/22/2020,2,8,100
11/23/2020,2,8,91
11/24/2020,2,8,105
11/25/2020,2,8,101
11/26/2020,2,8,113
11/27/2020,2,8,128
11/28/2020,2,8,115
11/29/2020,2,8,138
11/30/2020,2,8,99
12/1/2020,2,8,76
12/2/2020,2,8,68
12/3/2020,2,8,75
12/4/2020,2,8,78
12/5/2020,2,8,100
12/6/2020,2,8,98
12/7/2020,2,8,62
12/8/2020,2,8,79
12/9/2020,2,8,57
12/10/2020,2,8,59
12/11/2020,2,8,91
12/12/2020,2,8,89
12/13/2020,2,8,90
12/14/2020,2,8,50
12/15/2020,2,8,86
12/16/2020,2,8,65
12/17/2020,2,8,83
12/18/2020,2,8,78
12/19/2020,2,8,96
12/20/2020,2,8,100
12/21/2020,2,8,59
12/22/2020,2,8,77
12/23/2020,2,8,54
12/24/2020,2,8,74
12/25/2020,2,8,71
12/26/2020,2,8,85
12/27/2020,2,8,78
12/28/2020,2,8,60
12/29/2020,2,8,66
12/30/2020,2,8,80
12/31/2020,2,8,87
1/1/2021,2,8,74
1/2/2021,2,8,76
1/3/2021,2,8,76
1/4/2021,2,8,66
1/5/2021,2,8,71
1/6/2021,2,8,65
1/7/2021,2,8,91
1/8/2021,2,8,62
1/9/2021,2,8,82
1/10/2021,2,8,86
1/11/2021,2,8,50
1/12/2021,2,8,77
1/13/2021,2,8,62
1/14/2021,2,8,68
1/15/2021,2,8,83
1/16/2021,2,8,81
1/17/2021,2,8,86
1/18/2021,2,8,45
1/19/2021,2,8,66
1/20/2021,2,8,79
1/21/2021,2,8,88
1/22/2021,2,8,74
1/23/2021,2,8,93
1/24/2021,2,8,72
1/25/2021,2,8,62
1/26/2021,2,8,66
1/27/2021,2,8,67
1/28/2021,2,8,62
1/29/2021,2,8,82
1/30/2021,2,8,86
1/31/2021,2,8,77
2/1/2021,2,8,58
2/2/2021,2,8,72
2/3/2021,2,8,68
2/4/2021,2,8,87
2/5/2021,2,8,81
2/6/2021,2,8,101
2/7/2021,2,8,104
2/8/2021,2,8,63
2/9/2021,2,8,78
2/10/2021,2,8,73
2/11/2021,2,8,82
2/12/2021,2,8,94
2/13/2021,2,8,104
2/14/2021,2,8,104
2/15/2021,2,8,61
2/16/2021,2,8,73
2/17/2021,2,8,80
2/18/2021,2,8,87
2/19/2021,2,8,79
2/20/2021,2,8,82
2/21/2021,2,8,74
2/22/2021,2,8,56
2/23/2021,2,8,74
2/24/2021,2,8,73
2/25/2021,2,8,64
2/26/2021,2,8,102
2/27/2021,2,8,99
2/28/2021,2,8,109
2/29/2021,2,8,65
3/1/2021,2,8,90
3/2/2021,2,8,86
3/3/2021,2,8,94
3/4/2021,2,8,88
3/5/2021,2,8,95
3/6/2021,2,8,122
3/7/2021,2,8,78
3/8/2021,2,8,85
3/9/2021,2,8,86
3/10/2021,2,8,107
3/11/2021,2,8,109
3/12/2021,2,8,121
3/13/2021,2,8,118
3/14/2021,2,8,86
3/15/2021,2,8,90
3/16/2021,2,8,64
3/17/2021,2,8,81
3/18/2021,2,8,103
3/19/2021,2,8,111
3/20/2021,2,8,125
3/21/2021,2,8,66
3/22/2021,2,8,101
3/23/2021,2,8,73
3/24/2021,2,8,99
3/25/2021,2,8,115
3/26/2021,2,8,115
3/27/2021,2,8,106
3/28/2021,2,8,79
3/29/2021,2,8,98
3/30/2021,2,8,83
3/31/2021,2,8,88
4/1/2021,2,8,146
4/2/2021,2,8,138
4/3/2021,2,8,160
4/4/2021,2,8,92
4/5/2021,2,8,126
4/6/2021,2,8,90
4/7/2021,2,8,104
4/8/2021,2,8,108
4/9/2021,2,8,125
4/10/2021,2,8,135
4/11/2021,2,8,77
4/12/2021,2,8,112
4/13/2021,2,8,113
4/14/2021,2,8,107
4/15/2021,2,8,101
4/16/2021,2,8,122
4/17/2021,2,8,158
4/18/2021,2,8,83
4/19/2021,2,8,110
4/20/2021,2,8,103
4/21/2021,2,8,118
4/22/2021,2,8,126
4/23/2021,2,8,120
4/24/2021,2,8,124
4/25/2021,2,8,80
4/26/2021,2,8,107
4/27/2021,2,8,108
4/28/2021,2,8,110
4/29/2021,2,8,131
4/30/2021,2,8,119
5/1/2021,2,8,144
5/2/2021,2,8,113
5/3/2021,2,8,131
5/4/2021,2,8,98
5/5/2021,2,8,117
5/6/2021,2,8,128
5/7/2021,2,8,133
5/8/2021,2,8,151
5/9/2021,2,8,95
5/10/2021,2,8,113
5/11/2021,2,8,125
5/12/2021,2,8,122
5/13/2021,2,8,133
5/14/2021,2,8,137
5/15/2021,2,8,145
5/16/2021,2,8,108
5/17/2021,2,8,110
5/18/2021,2,8,106
5/19/2021,2,8,111
5/20/2021,2,8,119
5/21/2021,2,8,134
5/22/2021,2,8,150
5/23/2021,2,8,94
5/24/2021,2,8,112
5/25/2021,2,8,108
5/26/2021,2,8,101
5/27/2021,2,8,118
5/28/2021,2,8,137
5/29/2021,2,8,135
5/30/2021,2,8,100
5/31/2021,2,8,100
6/1/2021,2,8,101
6/2/2021,2,8,116
6/3/2021,2,8,143
6/4/2021,2,8,153
6/5/2021,2,8,164
6/6/2021,2,8,107
6/7/2021,2,8,118
6/8/2021,2,8,115
6/9/2021,2,8,135
6/10/2021,2,8,121
6/11/2021,2,8,148
6/12/2021,2,8,171
6/13/2021,2,8,94
6/14/2021,2,8,114
6/15/2021,2,8,122
6/16/2021,2,8,148
6/17/2021,2,8,144
6/18/2021,2,8,153
6/19/2021,2,8,161
6/20/2021,2,8,108
6/21/2021,2,8,143
6/22/2021,2,8,126
6/23/2021,2,8,133
6/24/2021,2,8,144
6/25/2021,2,8,150
6/26/2021,2,8,177
6/27/2021,2,8,87
6/28/2021,2,8,130
6/29/2021,2,8,112
6/30/2021,2,8,128
7/1/2021,2,8,114
7/2/2021,2,8,147
7/3/2021,2,8,162
7/4/2021,2,8,106
7/5/2021,2,8,148
7/6/2021,2,8,124
7/7/2021,2,8,135
7/8/2021,2,8,151
7/9/2021,2,8,159
7/10/2021,2,8,160
7/11/2021,2,8,122
7/12/2021,2,8,129
7/13/2021,2,8,138
7/14/2021,2,8,125
7/15/2021,2,8,159
7/16/2021,2,8,175
7/17/2021,2,8,151
7/18/2021,2,8,98
7/19/2021,2,8,133
7/20/2021,2,8,114
7/21/2021,2,8,134
7/22/2021,2,8,145
7/23/2021,2,8,150
7/24/2021,2,8,162
7/25/2021,2,8,119
7/26/2021,2,8,143
7/27/2021,2,8,129
7/28/2021,2,8,145
7/29/2021,2,8,148
7/30/2021,2,8,133
7/31/2021,2,8,181
8/1/2021,2,8,95
8/2/2021,2,8,96
8/3/2021,2,8,117
8/4/2021,2,8,137
8/5/2021,2,8,153
8/6/2021,2,8,160
8/7/2021,2,8,165
8/8/2021,2,8,83
8/9/2021,2,8,126
8/10/2021,2,8,109
8/11/2021,2,8,112
8/12/2021,2,8,131
8/13/2021,2,8,141
8/14/2021,2,8,168
8/15/2021,2,8,103
8/16/2021,2,8,134
8/17/2021,2,8,88
8/18/2021,2,8,99
8/19/2021,2,8,116
8/20/2021,2,8,132
8/21/2021,2,8,132
8/22/2021,2,8,87
8/23/2021,2,8,111
8/24/2021,2,8,100
8/25/2021,2,8,113
8/26/2021,2,8,130
8/27/2021,2,8,133
8/28/2021,2,8,141
8/29/2021,2,8,87
8/30/2021,2,8,105
8/31/2021,2,8,126
9/1/2021,2,8,118
9/2/2021,2,8,112
9/3/2021,2,8,111
9/4/2021,2,8,130
9/5/2021,2,8,83
9/6/2021,2,8,105
9/7/2021,2,8,105
9/8/2021,2,8,109
9/9/2021,2,8,122
9/10/2021,2,8,114
9/11/2021,2,8,134
9/12/2021,2,8,78
9/13/2021,2,8,115
9/14/2021,2,8,88
9/15/2021,2,8,111
9/16/2021,2,8,135
9/17/2021,2,8,157
9/18/2021,2,8,140
9/19/2021,2,8,91
9/20/2021,2,8,105
9/21/2021,2,8,102
9/22/2021,2,8,114
9/23/2021,2,8,119
9/24/2021,2,8,116
9/25/2021,2,8,141
9/26/2021,2,8,97
9/27/2021,2,8,99
9/28/2021,2,8,96
9/29/2021,2,8,119
9/30/2021,2,8,117
10/1/2021,2,8,122
10/2/2021,2,8,101
10/3/2021,2,8,81
10/4/2021,2,8,104
10/5/2021,2,8,88
10/6/2021,2,8,95
10/7/2021,2,8,97
10/8/2021,2,8,125
10/9/2021,2,8,135
10/10/2021,2,8,85
10/11/2021,2,8,99
10/12/2021,2,8,84
10/13/2021,2,8,90
10/14/2021,2,8,118
10/15/2021,2,8,130
10/16/2021,2,8,113
10/17/2021,2,8,86
10/18/2021,2,8,101
10/19/2021,2,8,103
10/20/2021,2,8,86
10/21/2021,2,8,110
10/22/2021,2,8,113
10/23/2021,2,8,139
10/24/2021,2,8,78
10/25/2021,2,8,114
10/26/2021,2,8,111
10/27/2021,2,8,117
10/28/2021,2,8,114
10/29/2021,2,8,110
10/30/2021,2,8,118
10/31/2021,2,8,93
11/1/2021,2,8,95
11/2/2021,2,8,102
11/3/2021,2,8,99
11/4/2021,2,8,113
11/5/2021,2,8,127
11/6/2021,2,8,131
11/7/2021,2,8,94
11/8/2021,2,8,101
11/9/2021,2,8,96
11/10/2021,2,8,108
11/11/2021,2,8,119
11/12/2021,2,8,113
11/13/2021,2,8,133
11/14/2021,2,8,96
11/15/2021,2,8,112
11/16/2021,2,8,96
11/17/2021,2,8,104
11/18/2021,2,8,115
11/19/2021,2,8,151
11/20/2021,2,8,125
11/21/2021,2,8,96
11/22/2021,2,8,121
11/23/2021,2,8,108
11/24/2021,2,8,98
11/25/2021,2,8,109
11/26/2021,2,8,133
11/27/2021,2,8,129
11/28/2021,2,8,70
11/29/2021,2,8,103
11/30/2021,2,8,106
12/1/2021,2,8,60
12/2/2021,2,8,72
12/3/2021,2,8,86
12/4/2021,2,8,99
12/5/2021,2,8,70
12/6/2021,2,8,68
12/7/2021,2,8,85
12/8/2021,2,8,87
12/9/2021,2,8,86
12/10/2021,2,8,105
12/11/2021,2,8,112
12/12/2021,2,8,66
12/13/2021,2,8,87
12/14/2021,2,8,77
12/15/2021,2,8,88
12/16/2021,2,8,88
12/17/2021,2,8,92
12/18/2021,2,8,98
12/19/2021,2,8,69
12/20/2021,2,8,70
12/21/2021,2,8,75
12/22/2021,2,8,76
12/23/2021,2,8,76
12/24/2021,2,8,83
12/25/2021,2,8,88
12/26/2021,2,8,54
12/27/2021,2,8,81
12/28/2021,2,8,67
12/29/2021,2,8,95
12/30/2021,2,8,104
12/31/2021,2,8,83
1/1/2022,2,8,82
1/2/2022,2,8,59
1/3/2022,2,8,74
1/4/2022,2,8,58
1/5/2022,2,8,65
1/6/2022,2,8,88
1/7/2022,2,8,102
1/8/2022,2,8,92
1/9/2022,2,8,62
1/10/2022,2,8,66
1/11/2022,2,8,67
1/12/2022,2,8,68
1/13/2022,2,8,72
1/14/2022,2,8,78
1/15/2022,2,8,93
1/16/2022,2,8,46
1/17/2022,2,8,69
1/18/2022,2,8,65
1/19/2022,2,8,62
1/20/2022,2,8,99
1/21/2022,2,8,74
1/22/2022,2,8,98
1/23/2022,2,8,63
1/24/2022,2,8,80
1/25/2022,2,8,69
1/26/2022,2,8,61
1/27/2022,2,8,63
1/28/2022,2,8,91
1/29/2022,2,8,75
1/30/2022,2,8,65
1/31/2022,2,8,61
2/1/2022,2,8,82
2/2/2022,2,8,84
2/3/2022,2,8,90
2/4/2022,2,8,95
2/5/2022,2,8,106
2/6/2022,2,8,75
2/7/2022,2,8,70
2/8/2022,2,8,84
2/9/2022,2,8,74
2/10/2022,2,8,103
2/11/2022,2,8,88
2/12/2022,2,8,90
2/13/2022,2,8,61
2/14/2022,2,8,75
2/15/2022,2,8,67
2/16/2022,2,8,69
2/17/2022,2,8,92
2/18/2022,2,8,94
2/19/2022,2,8,88
2/20/2022,2,8,73
2/21/2022,2,8,80
2/22/2022,2,8,80
2/23/2022,2,8,83
2/24/2022,2,8,93
2/25/2022,2,8,98
2/26/2022,2,8,97
2/27/2022,2,8,56
2/28/2022,2,8,81
3/1/2022,2,8,114
3/2/2022,2,8,94
3/3/2022,2,8,114
3/4/2022,2,8,106
3/5/2022,2,8,92
3/6/2022,2,8,76
3/7/2022,2,8,90
3/8/2022,2,8,98
3/9/2022,2,8,107
3/10/2022,2,8,118
3/11/2022,2,8,89
3/12/2022,2,8,122
3/13/2022,2,8,78
3/14/2022,2,8,98
3/15/2022,2,8,100
3/16/2022,2,8,100
3/17/2022,2,8,96
3/18/2022,2,8,105
3/19/2022,2,8,93
3/20/2022,2,8,89
3/21/2022,2,8,88
3/22/2022,2,8,100
3/23/2022,2,8,93
3/24/2022,2,8,108
3/25/2022,2,8,116
3/26/2022,2,8,123
3/27/2022,2,8,85
3/28/2022,2,8,105
3/29/2022,2,8,98
3/30/2022,2,8,107
3/31/2022,2,8,94
4/1/2022,2,8,131
4/2/2022,2,8,146
4/3/2022,2,8,82
4/4/2022,2,8,104
4/5/2022,2,8,97
4/6/2022,2,8,117
4/7/2022,2,8,121
4/8/2022,2,8,142
4/9/2022,2,8,161
4/10/2022,2,8,95
4/11/2022,2,8,106
4/12/2022,2,8,102
4/13/2022,2,8,113
4/14/2022,2,8,116
4/15/2022,2,8,120
4/16/2022,2,8,129
4/17/2022,2,8,93
4/18/2022,2,8,100
4/19/2022,2,8,104
4/20/2022,2,8,125
4/21/2022,2,8,110
4/22/2022,2,8,129
4/23/2022,2,8,144
4/24/2022,2,8,85
4/25/2022,2,8,118
4/26/2022,2,8,94
4/27/2022,2,8,100
4/28/2022,2,8,138
4/29/2022,2,8,161
4/30/2022,2,8,136
5/1/2022,2,8,93
5/2/2022,2,8,117
5/3/2022,2,8,119
5/4/2022,2,8,134
5/5/2022,2,8,128
5/6/2022,2,8,143
5/7/2022,2,8,134
5/8/2022,2,8,101
5/9/2022,2,8,108
5/10/2022,2,8,121
5/11/2022,2,8,135
5/12/2022,2,8,137
5/13/2022,2,8,147
5/14/2022,2,8,145
5/15/2022,2,8,101
5/16/2022,2,8,119
5/17/2022,2,8,109
5/18/2022,2,8,126
5/19/2022,2,8,127
5/20/2022,2,8,155
5/21/2022,2,8,160
5/22/2022,2,8,109
5/23/2022,2,8,102
5/24/2022,2,8,115
5/25/2022,2,8,135
5/26/2022,2,8,128
5/27/2022,2,8,140
5/28/2022,2,8,159
5/29/2022,2,8,104
5/30/2022,2,8,106
5/31/2022,2,8,132
6/1/2022,2,8,138
6/2/2022,2,8,148
6/3/2022,2,8,146
6/4/2022,2,8,131
6/5/2022,2,8,123
6/6/2022,2,8,113
6/7/2022,2,8,126
6/8/2022,2,8,137
6/9/2022,2,8,167
6/10/2022,2,8,144
6/11/2022,2,8,160
6/12/2022,2,8,100
6/13/2022,2,8,126
6/14/2022,2,8,132
6/15/2022,2,8,129
6/16/2022,2,8,149
6/17/2022,2,8,155
6/18/2022,2,8,174
6/19/2022,2,8,106
6/20/2022,2,8,109
6/21/2022,2,8,128
6/22/2022,2,8,131
6/23/2022,2,8,154
6/24/2022,2,8,150
6/25/2022,2,8,139
6/26/2022,2,8,107
6/27/2022,2,8,132
6/28/2022,2,8,122
6/29/2022,2,8,135
6/30/2022,2,8,142
7/1/2022,2,8,153
7/2/2022,2,8,159
7/3/2022,2,8,120
7/4/2022,2,8,127
7/5/2022,2,8,125
7/6/2022,2,8,152
7/7/2022,2,8,159
7/8/2022,2,8,154
7/9/2022,2,8,150
7/10/2022,2,8,121
7/11/2022,2,8,110
7/12/2022,2,8,129
7/13/2022,2,8,126
7/14/2022,2,8,140
7/15/2022,2,8,159
7/16/2022,2,8,169
7/17/2022,2,8,110
7/18/2022,2,8,128
7/19/2022,2,8,134
7/20/2022,2,8,144
7/21/2022,2,8,143
7/22/2022,2,8,156
7/23/2022,2,8,168
7/24/2022,2,8,119
7/25/2022,2,8,122
7/26/2022,2,8,136
7/27/2022,2,8,145
7/28/2022,2,8,160
7/29/2022,2,8,170
7/30/2022,2,8,160
7/31/2022,2,8,113
8/1/2022,2,8,108
8/2/2022,2,8,110
8/3/2022,2,8,154
8/4/2022,2,8,148
8/5/2022,2,8,131
8/6/2022,2,8,156
8/7/2022,2,8,106
8/8/2022,2,8,113
8/9/2022,2,8,100
8/10/2022,2,8,119
8/11/2022,2,8,160
8/12/2022,2,8,141
8/13/2022,2,8,135
8/14/2022,2,8,101
8/15/2022,2,8,120
8/16/2022,2,8,121
8/17/2022,2,8,109
8/18/2022,2,8,123
8/19/2022,2,8,161
8/20/2022,2,8,150
8/21/2022,2,8,108
8/22/2022,2,8,115
8/23/2022,2,8,107
8/24/2022,2,8,129
8/25/2022,2,8,131
8/26/2022,2,8,143
8/27/2022,2,8,157
8/28/2022,2,8,101
8/29/2022,2,8,96
8/30/2022,2,8,106
8/31/2022,2,8,125
9/1/2022,2,8,130
9/2/2022,2,8,120
9/3/2022,2,8,136
9/4/2022,2,8,83
9/5/2022,2,8,87
9/6/2022,2,8,105
9/7/2022,2,8,121
9/8/2022,2,8,145
9/9/2022,2,8,102
9/10/2022,2,8,125
9/11/2022,2,8,93
9/12/2022,2,8,117
9/13/2022,2,8,107
9/14/2022,2,8,131
9/15/2022,2,8,110
9/16/2022,2,8,129
9/17/2022,2,8,153
9/18/2022,2,8,98
9/19/2022,2,8,106
9/20/2022,2,8,95
9/21/2022,2,8,113
9/22/2022,2,8,110
9/23/2022,2,8,131
9/24/2022,2,8,154
9/25/2022,2,8,105
9/26/2022,2,8,122
9/27/2022,2,8,118
9/28/2022,2,8,124
9/29/2022,2,8,111
9/30/2022,2,8,120
10/1/2022,2,8,134
10/2/2022,2,8,79
10/3/2022,2,8,89
10/4/2022,2,8,90
10/5/2022,2,8,112
10/6/2022,2,8,120
10/7/2022,2,8,145
10/8/2022,2,8,125
10/9/2022,2,8,86
10/10/2022,2,8,88
10/11/2022,2,8,106
10/12/2022,2,8,100
10/13/2022,2,8,110
10/14/2022,2,8,119
10/15/2022,2,8,109
10/16/2022,2,8,77
10/17/2022,2,8,107
10/18/2022,2,8,98
10/19/2022,2,8,126
10/20/2022,2,8,125
10/21/2022,2,8,135
10/22/2022,2,8,133
10/23/2022,2,8,98
10/24/2022,2,8,97
10/25/2022,2,8,131
10/26/2022,2,8,122
10/27/2022,2,8,102
10/28/2022,2,8,126
10/29/2022,2,8,137
10/30/2022,2,8,112
10/31/2022,2,8,93
11/1/2022,2,8,121
11/2/2022,2,8,110
11/3/2022,2,8,131
11/4/2022,2,8,128
11/5/2022,2,8,124
11/6/2022,2,8,98
11/7/2022,2,8,114
11/8/2022,2,8,100
11/9/2022,2,8,110
11/10/2022,2,8,125
11/11/2022,2,8,118
11/12/2022,2,8,135
11/13/2022,2,8,100
11/14/2022,2,8,118
11/15/2022,2,8,102
11/16/2022,2,8,113
11/17/2022,2,8,113
11/18/2022,2,8,122
11/19/2022,2,8,122
11/20/2022,2,8,89
11/21/2022,2,8,124
11/22/2022,2,8,98
11/23/2022,2,8,133
11/24/2022,2,8,126
11/25/2022,2,8,129
11/26/2022,2,8,147
11/27/2022,2,8,103
11/28/2022,2,8,126
11/29/2022,2,8,108
11/30/2022,2,8,111
12/1/2022,2,8,96
12/2/2022,2,8,91
12/3/2022,2,8,112
12/4/2022,2,8,49
12/5/2022,2,8,72
12/6/2022,2,8,81
12/7/2022,2,8,87
12/8/2022,2,8,84
12/9/2022,2,8,87
12/10/2022,2,8,103
12/11/2022,2,8,53
12/12/2022,2,8,81
12/13/2022,2,8,104
12/14/2022,2,8,80
12/15/2022,2,8,88
12/16/2022,2,8,90
12/17/2022,2,8,96
12/18/2022,2,8,61
12/19/2022,2,8,76
12/20/2022,2,8,75
12/21/2022,2,8,86
12/22/2022,2,8,87
12/23/2022,2,8,96
12/24/2022,2,8,112
12/25/2022,2,8,66
12/26/2022,2,8,82
12/27/2022,2,8,79
12/28/2022,2,8,91
12/29/2022,2,8,99
12/30/2022,2,8,103
12/31/2022,2,8,124
1/1/2018,3,8,54
1/2/2018,3,8,34
1/3/2018,3,8,61
1/4/2018,3,8,38
1/5/2018,3,8,54
1/6/2018,3,8,64
1/7/2018,3,8,47
1/8/2018,3,8,44
1/9/2018,3,8,53
1/10/2018,3,8,56
1/11/2018,3,8,59
1/12/2018,3,8,64
1/13/2018,3,8,58
1/14/2018,3,8,37
1/15/2018,3,8,37
1/16/2018,3,8,53
1/17/2018,3,8,41
1/18/2018,3,8,52
1/19/2018,3,8,43
1/20/2018,3,8,46
1/21/2018,3,8,40
1/22/2018,3,8,49
1/23/2018,3,8,39
1/24/2018,3,8,48
1/25/2018,3,8,66
1/26/2018,3,8,70
1/27/2018,3,8,48
1/28/2018,3,8,48
1/29/2018,3,8,47
1/30/2018,3,8,61
1/31/2018,3,8,45
2/1/2018,3,8,57
2/2/2018,3,8,72
2/3/2018,3,8,59
2/4/2018,3,8,41
2/5/2018,3,8,40
2/6/2018,3,8,31
2/7/2018,3,8,54
2/8/2018,3,8,48
2/9/2018,3,8,54
2/10/2018,3,8,53
2/11/2018,3,8,37
2/12/2018,3,8,54
2/13/2018,3,8,47
2/14/2018,3,8,60
2/15/2018,3,8,46
2/16/2018,3,8,72
2/17/2018,3,8,66
2/18/2018,3,8,40
2/19/2018,3,8,51
2/20/2018,3,8,41
2/21/2018,3,8,57
2/22/2018,3,8,73
2/23/2018,3,8,64
2/24/2018,3,8,71
2/25/2018,3,8,44
2/26/2018,3,8,50
2/27/2018,3,8,50
2/28/2018,3,8,56
3/1/2018,3,8,57
3/2/2018,3,8,82
3/3/2018,3,8,73
3/4/2018,3,8,48
3/5/2018,3,8,73
3/6/2018,3,8,69
3/7/2018,3,8,60
3/8/2018,3,8,67
3/9/2018,3,8,79
3/10/2018,3,8,73
3/11/2018,3,8,54
3/12/2018,3,8,68
3/13/2018,3,8,56
3/14/2018,3,8,62
3/15/2018,3,8,65
3/16/2018,3,8,73
3/17/2018,3,8,72
3/18/2018,3,8,60
3/19/2018,3,8,67
3/20/2018,3,8,53
3/21/2018,3,8,67
3/22/2018,3,8,69
3/23/2018,3,8,68
3/24/2018,3,8,87
3/25/2018,3,8,46
3/26/2018,3,8,50
3/27/2018,3,8,50
3/28/2018,3,8,61
3/29/2018,3,8,68
3/30/2018,3,8,69
3/31/2018,3,8,83
4/1/2018,3,8,52
4/2/2018,3,8,68
4/3/2018,3,8,64
4/4/2018,3,8,97
4/5/2018,3,8,69
4/6/2018,3,8,81
4/7/2018,3,8,80
4/8/2018,3,8,53
4/9/2018,3,8,66
4/10/2018,3,8,65
4/11/2018,3,8,82
4/12/2018,3,8,91
4/13/2018,3,8,100
4/14/2018,3,8,98
4/15/2018,3,8,58
4/16/2018,3,8,64
4/17/2018,3,8,81
4/18/2018,3,8,76
4/19/2018,3,8,77
4/20/2018,3,8,94
4/21/2018,3,8,75
4/22/2018,3,8,54
4/23/2018,3,8,76
4/24/2018,3,8,78
4/25/2018,3,8,79
4/26/2018,3,8,88
4/27/2018,3,8,86
4/28/2018,3,8,95
4/29/2018,3,8,63
4/30/2018,3,8,79
5/1/2018,3,8,77
5/2/2018,3,8,84
5/3/2018,3,8,74
5/4/2018,3,8,87
5/5/2018,3,8,75
5/6/2018,3,8,51
5/7/2018,3,8,73
5/8/2018,3,8,87
5/9/2018,3,8,66
5/10/2018,3,8,90
5/11/2018,3,8,113
5/12/2018,3,8,110
5/13/2018,3,8,62
5/14/2018,3,8,84
5/15/2018,3,8,74
5/16/2018,3,8,71
5/17/2018,3,8,72
5/18/2018,3,8,100
5/19/2018,3,8,100
5/20/2018,3,8,66
5/21/2018,3,8,69
5/22/2018,3,8,63
5/23/2018,3,8,87
5/24/2018,3,8,76
5/25/2018,3,8,91
5/26/2018,3,8,97
5/27/2018,3,8,64
5/28/2018,3,8,74
5/29/2018,3,8,88
5/30/2018,3,8,79
5/31/2018,3,8,88
6/1/2018,3,8,87
6/2/2018,3,8,108
6/3/2018,3,8,49
6/4/2018,3,8,74
6/5/2018,3,8,86
6/6/2018,3,8,72
6/7/2018,3,8,94
6/8/2018,3,8,100
6/9/2018,3,8,90
6/10/2018,3,8,72
6/11/2018,3,8,88
6/12/2018,3,8,73
6/13/2018,3,8,75
6/14/2018,3,8,96
6/15/2018,3,8,101
6/16/2018,3,8,107
6/17/2018,3,8,57
6/18/2018,3,8,80
6/19/2018,3,8,77
6/20/2018,3,8,93
6/21/2018,3,8,85
6/22/2018,3,8,103
6/23/2018,3,8,97
6/24/2018,3,8,59
6/25/2018,3,8,58
6/26/2018,3,8,74
6/27/2018,3,8,77
6/28/2018,3,8,86
6/29/2018,3,8,98
6/30/2018,3,8,110
7/1/2018,3,8,66
7/2/2018,3,8,96
7/3/2018,3,8,90
7/4/2018,3,8,88
7/5/2018,3,8,118
7/6/2018,3,8,110
7/7/2018,3,8,125
7/8/2018,3,8,66
7/9/2018,3,8,86
7/10/2018,3,8,88
7/11/2018,3,8,75
7/12/2018,3,8,98
7/13/2018,3,8,112
7/14/2018,3,8,131
7/15/2018,3,8,74
7/16/2018,3,8,79
7/17/2018,3,8,86
7/18/2018,3,8,98
7/19/2018,3,8,96
7/20/2018,3,8,102
7/21/2018,3,8,109
7/22/2018,3,8,76
7/23/2018,3,8,83
7/24/2018,3,8,99
7/25/2018,3,8,88
7/26/2018,3,8,94
7/27/2018,3,8,98
7/28/2018,3,8,113
7/29/2018,3,8,75
7/30/2018,3,8,79
7/31/2018,3,8,80
8/1/2018,3,8,85
8/2/2018,3,8,78
8/3/2018,3,8,106
8/4/2018,3,8,79
8/5/2018,3,8,53
8/6/2018,3,8,60
8/7/2018,3,8,66
8/8/2018,3,8,89
8/9/2018,3,8,91
8/10/2018,3,8,92
8/11/2018,3,8,80
8/12/2018,3,8,60
8/13/2018,3,8,72
8/14/2018,3,8,78
8/15/2018,3,8,89
8/16/2018,3,8,77
8/17/2018,3,8,104
8/18/2018,3,8,100
8/19/2018,3,8,59
8/20/2018,3,8,70
8/21/2018,3,8,76
8/22/2018,3,8,74
8/23/2018,3,8,76
8/24/2018,3,8,87
8/25/2018,3,8,100
8/26/2018,3,8,74
8/27/2018,3,8,87
8/28/2018,3,8,79
8/29/2018,3,8,79
8/30/2018,3,8,89
8/31/2018,3,8,95
9/1/2018,3,8,98
9/2/2018,3,8,57
9/3/2018,3,8,74
9/4/2018,3,8,59
9/5/2018,3,8,87
9/6/2018,3,8,80
9/7/2018,3,8,93
9/8/2018,3,8,99
9/9/2018,3,8,69
9/10/2018,3,8,75
9/11/2018,3,8,72
9/12/2018,3,8,74
9/13/2018,3,8,88
9/14/2018,3,8,85
9/15/2018,3,8,86
9/16/2018,3,8,70
9/17/2018,3,8,59
9/18/2018,3,8,75
9/19/2018,3,8,78
9/20/2018,3,8,72
9/21/2018,3,8,81
9/22/2018,3,8,86
9/23/2018,3,8,63
9/24/2018,3,8,71
9/25/2018,3,8,66
9/26/2018,3,8,78
9/27/2018,3,8,98
9/28/2018,3,8,83
9/29/2018,3,8,96
9/30/2018,3,8,50
10/1/2018,3,8,63
10/2/2018,3,8,61
10/3/2018,3,8,75
10/4/2018,3,8,85
10/5/2018,3,8,70
10/6/2018,3,8,88
10/7/2018,3,8,60
10/8/2018,3,8,62
10/9/2018,3,8,72
10/10/2018,3,8,66
10/11/2018,3,8,72
10/12/2018,3,8,70
10/13/2018,3,8,68
10/14/2018,3,8,63
10/15/2018,3,8,59
10/16/2018,3,8,59
10/17/2018,3,8,63
10/18/2018,3,8,62
10/19/2018,3,8,95
10/20/2018,3,8,92
10/21/2018,3,8,48
10/22/2018,3,8,60
10/23/2018,3,8,65
10/24/2018,3,8,62
10/25/2018,3,8,76
10/26/2018,3,8,69
10/27/2018,3,8,85
10/28/2018,3,8,47
10/29/2018,3,8,77
10/30/2018,3,8,80
10/31/2018,3,8,67
11/1/2018,3,8,81
11/2/2018,3,8,93
11/3/2018,3,8,92
11/4/2018,3,8,61
11/5/2018,3,8,60
11/6/2018,3,8,68
11/7/2018,3,8,66
11/8/2018,3,8,84
11/9/2018,3,8,82
11/10/2018,3,8,79
11/11/2018,3,8,55
11/12/2018,3,8,86
11/13/2018,3,8,67
11/14/2018,3,8,77
11/15/2018,3,8,96
11/16/2018,3,8,76
11/17/2018,3,8,87
11/18/2018,3,8,61
11/19/2018,3,8,70
11/20/2018,3,8,56
11/21/2018,3,8,73
11/22/2018,3,8,60
11/23/2018,3,8,92
11/24/2018,3,8,90
11/25/2018,3,8,77
11/26/2018,3,8,68
11/27/2018,3,8,77
11/28/2018,3,8,70
11/29/2018,3,8,86
11/30/2018,3,8,103
12/1/2018,3,8,69
12/2/2018,3,8,52
12/3/2018,3,8,48
12/4/2018,3,8,56
12/5/2018,3,8,58
12/6/2018,3,8,70
12/7/2018,3,8,66
12/8/2018,3,8,68
12/9/2018,3,8,44
12/10/2018,3,8,53
12/11/2018,3,8,51
12/12/2018,3,8,51
12/13/2018,3,8,55
12/14/2018,3,8,50
12/15/2018,3,8,70
12/16/2018,3,8,52
12/17/2018,3,8,61
12/18/2018,3,8,56
12/19/2018,3,8,57
12/20/2018,3,8,58
12/21/2018,3,8,65
12/22/2018,3,8,47
12/23/2018,3,8,44
12/24/2018,3,8,45
12/25/2018,3,8,55
12/26/2018,3,8,57
12/27/2018,3,8,45
12/28/2018,3,8,64
12/29/2018,3,8,50
12/30/2018,3,8,41
12/31/2018,3,8,46
1/1/2019,3,8,58
1/2/2019,3,8,58
1/3/2019,3,8,59
1/4/2019,3,8,71
1/5/2019,3,8,70
1/6/2019,3,8,41
1/7/2019,3,8,58
1/8/2019,3,8,38
1/9/2019,3,8,52
1/10/2019,3,8,66
1/11/2019,3,8,61
1/12/2019,3,8,56
1/13/2019,3,8,39
1/14/2019,3,8,52
1/15/2019,3,8,58
1/16/2019,3,8,46
1/17/2019,3,8,74
1/18/2019,3,8,67
1/19/2019,3,8,68
1/20/2019,3,8,36
1/21/2019,3,8,58
1/22/2019,3,8,65
1/23/2019,3,8,49
1/24/2019,3,8,65
1/25/2019,3,8,72
1/26/2019,3,8,67
1/27/2019,3,8,51
1/28/2019,3,8,55
1/29/2019,3,8,43
1/30/2019,3,8,49
1/31/2019,3,8,51
2/1/2019,3,8,69
2/2/2019,3,8,72
2/3/2019,3,8,53
2/4/2019,3,8,48
2/5/2019,3,8,64
2/6/2019,3,8,73
2/7/2019,3,8,74
2/8/2019,3,8,66
2/9/2019,3,8,84
2/10/2019,3,8,56
2/11/2019,3,8,64
2/12/2019,3,8,53
2/13/2019,3,8,67
2/14/2019,3,8,59
2/15/2019,3,8,68
2/16/2019,3,8,92
2/17/2019,3,8,47
2/18/2019,3,8,73
2/19/2019,3,8,56
2/20/2019,3,8,65
2/21/2019,3,8,60
2/22/2019,3,8,83
2/23/2019,3,8,79
2/24/2019,3,8,58
2/25/2019,3,8,57
2/26/2019,3,8,61
2/27/2019,3,8,68
2/28/2019,3,8,66
3/1/2019,3,8,107
3/2/2019,3,8,102
3/3/2019,3,8,64
3/4/2019,3,8,66
3/5/2019,3,8,89
3/6/2019,3,8,77
3/7/2019,3,8,93
3/8/2019,3,8,85
3/9/2019,3,8,76
3/10/2019,3,8,49
3/11/2019,3,8,83
3/12/2019,3,8,57
3/13/2019,3,8,73
3/14/2019,3,8,89
3/15/2019,3,8,97
3/16/2019,3,8,80
3/17/2019,3,8,47
3/18/2019,3,8,66
3/19/2019,3,8,61
3/20/2019,3,8,87
3/21/2019,3,8,83
3/22/2019,3,8,89
3/23/2019,3,8,85
3/24/2019,3,8,46
3/25/2019,3,8,60
3/26/2019,3,8,57
3/27/2019,3,8,79
3/28/2019,3,8,83
3/29/2019,3,8,77
3/30/2019,3,8,90
3/31/2019,3,8,50
4/1/2019,3,8,87
4/2/2019,3,8,76
4/3/2019,3,8,98
4/4/2019,3,8,83
4/5/2019,3,8,103
4/6/2019,3,8,114
4/7/2019,3,8,53
4/8/2019,3,8,96
4/9/2019,3,8,91
4/10/2019,3,8,75
4/11/2019,3,8,92
4/12/2019,3,8,98
4/13/2019,3,8,115
4/14/2019,3,8,70
4/15/2019,3,8,65
4/16/2019,3,8,87
4/17/2019,3,8,95
4/18/2019,3,8,103
4/19/2019,3,8,86
4/20/2019,3,8,100
4/21/2019,3,8,72
4/22/2019,3,8,82
4/23/2019,3,8,83
4/24/2019,3,8,84
4/25/2019,3,8,113
4/26/2019,3,8,105
4/27/2019,3,8,114
4/28/2019,3,8,94
4/29/2019,3,8,85
4/30/2019,3,8,99
5/1/2019,3,8,80
5/2/2019,3,8,112
5/3/2019,3,8,106
5/4/2019,3,8,116
5/5/2019,3,8,99
5/6/2019,3,8,86
5/7/2019,3,8,89
5/8/2019,3,8,96
5/9/2019,3,8,98
5/10/2019,3,8,103
5/11/2019,3,8,93
5/12/2019,3,8,73
5/13/2019,3,8,92
5/14/2019,3,8,85
5/15/2019,3,8,107
5/16/2019,3,8,87
5/17/2019,3,8,89
5/18/2019,3,8,109
5/19/2019,3,8,58
5/20/2019,3,8,87
5/21/2019,3,8,99
5/22/2019,3,8,97
5/23/2019,3,8,115
5/24/2019,3,8,106
5/25/2019,3,8,105
5/26/2019,3,8,81
5/27/2019,3,8,88
5/28/2019,3,8,93
5/29/2019,3,8,97
5/30/2019,3,8,111
5/31/2019,3,8,110
6/1/2019,3,8,112
6/2/2019,3,8,85
6/3/2019,3,8,75
6/4/2019,3,8,94
6/5/2019,3,8,101
6/6/2019,3,8,105
6/7/2019,3,8,118
6/8/2019,3,8,102
6/9/2019,3,8,81
6/10/2019,3,8,75
6/11/2019,3,8,88
6/12/2019,3,8,97
6/13/2019,3,8,101
6/14/2019,3,8,123
6/15/2019,3,8,119
6/16/2019,3,8,92
6/17/2019,3,8,94
6/18/2019,3,8,98
6/19/2019,3,8,108
6/20/2019,3,8,135
6/21/2019,3,8,100
6/22/2019,3,8,136
6/23/2019,3,8,76
6/24/2019,3,8,102
6/25/2019,3,8,93
6/26/2019,3,8,100
6/27/2019,3,8,90
6/28/2019,3,8,120
6/29/2019,3,8,126
6/30/2019,3,8,75
7/1/2019,3,8,105
7/2/2019,3,8,120
7/3/2019,3,8,101
7/4/2019,3,8,110
7/5/2019,3,8,127
7/6/2019,3,8,112
7/7/2019,3,8,92
7/8/2019,3,8,117
7/9/2019,3,8,89
7/10/2019,3,8,104
7/11/2019,3,8,121
7/12/2019,3,8,135
7/13/2019,3,8,116
7/14/2019,3,8,83
7/15/2019,3,8,103
7/16/2019,3,8,110
7/17/2019,3,8,108
7/18/2019,3,8,103
7/19/2019,3,8,112
7/20/2019,3,8,138
7/21/2019,3,8,109
7/22/2019,3,8,95
7/23/2019,3,8,94
7/24/2019,3,8,94
7/25/2019,3,8,114
7/26/2019,3,8,133
7/27/2019,3,8,127
7/28/2019,3,8,95
7/29/2019,3,8,111
7/30/2019,3,8,103
7/31/2019,3,8,117
8/1/2019,3,8,100
8/2/2019,3,8,91
8/3/2019,3,8,113
8/4/2019,3,8,80
8/5/2019,3,8,83
8/6/2019,3,8,82
8/7/2019,3,8,90
8/8/2019,3,8,96
8/9/2019,3,8,102
8/10/2019,3,8,106
8/11/2019,3,8,83
8/12/2019,3,8,85
8/13/2019,3,8,92
8/14/2019,3,8,100
8/15/2019,3,8,99
8/16/2019,3,8,128
8/17/2019,3,8,103
8/18/2019,3,8,74
8/19/2019,3,8,102
8/20/2019,3,8,84
8/21/2019,3,8,98
8/22/2019,3,8,77
8/23/2019,3,8,105
8/24/2019,3,8,105
8/25/2019,3,8,83
8/26/2019,3,8,95
8/27/2019,3,8,73
8/28/2019,3,8,97
8/29/2019,3,8,104
8/30/2019,3,8,121
8/31/2019,3,8,105
9/1/2019,3,8,47
9/2/2019,3,8,85
9/3/2019,3,8,91
9/4/2019,3,8,73
9/5/2019,3,8,107
9/6/2019,3,8,103
9/7/2019,3,8,118
9/8/2019,3,8,67
9/9/2019,3,8,71
9/10/2019,3,8,90
9/11/2019,3,8,73
9/12/2019,3,8,95
9/13/2019,3,8,101
9/14/2019,3,8,103
9/15/2019,3,8,57
9/16/2019,3,8,83
9/17/2019,3,8,82
9/18/2019,3,8,89
9/19/2019,3,8,92
9/20/2019,3,8,89
9/21/2019,3,8,90
9/22/2019,3,8,67
9/23/2019,3,8,100
9/24/2019,3,8,84
9/25/2019,3,8,84
9/26/2019,3,8,82
9/27/2019,3,8,92
9/28/2019,3,8,105
9/29/2019,3,8,78
9/30/2019,3,8,73
10/1/2019,3,8,71
10/2/2019,3,8,88
10/3/2019,3,8,92
10/4/2019,3,8,96
10/5/2019,3,8,108
10/6/2019,3,8,59
10/7/2019,3,8,85
10/8/2019,3,8,74
10/9/2019,3,8,85
10/10/2019,3,8,78
10/11/2019,3,8,104
10/12/2019,3,8,101
10/13/2019,3,8,76
10/14/2019,3,8,80
10/15/2019,3,8,58
10/16/2019,3,8,72
10/17/2019,3,8,82
10/18/2019,3,8,87
10/19/2019,3,8,92
10/20/2019,3,8,58
10/21/2019,3,8,89
10/22/2019,3,8,80
10/23/2019,3,8,65
10/24/2019,3,8,83
10/25/2019,3,8,113
10/26/2019,3,8,99
10/27/2019,3,8,75
10/28/2019,3,8,73
10/29/2019,3,8,74
10/30/2019,3,8,85
10/31/2019,3,8,84
11/1/2019,3,8,86
11/2/2019,3,8,106
11/3/2019,3,8,81
11/4/2019,3,8,95
11/5/2019,3,8,86
11/6/2019,3,8,82
11/7/2019,3,8,99
11/8/2019,3,8,94
11/9/2019,3,8,110
11/10/2019,3,8,70
11/11/2019,3,8,86
11/12/2019,3,8,69
11/13/2019,3,8,88
11/14/2019,3,8,95
11/15/2019,3,8,117
11/16/2019,3,8,98
11/17/2019,3,8,69
11/18/2019,3,8,87
11/19/2019,3,8,70
11/20/2019,3,8,85
11/21/2019,3,8,92
11/22/2019,3,8,122
11/23/2019,3,8,107
11/24/2019,3,8,82
11/25/2019,3,8,96
11/26/2019,3,8,81
11/27/2019,3,8,99
11/28/2019,3,8,93
11/29/2019,3,8,78
11/30/2019,3,8,110
12/1/2019,3,8,53
12/2/2019,3,8,62
12/3/2019,3,8,51
12/4/2019,3,8,66
12/5/2019,3,8,60
12/6/2019,3,8,64
12/7/2019,3,8,68
12/8/2019,3,8,50
12/9/2019,3,8,52
12/10/2019,3,8,54
12/11/2019,3,8,63
12/12/2019,3,8,52
12/13/2019,3,8,65
12/14/2019,3,8,89
12/15/2019,3,8,61
12/16/2019,3,8,53
12/17/2019,3,8,73
12/18/2019,3,8,53
12/19/2019,3,8,85
12/20/2019,3,8,78
12/21/2019,3,8,81
12/22/2019,3,8,53
12/23/2019,3,8,64
12/24/2019,3,8,48
12/25/2019,3,8,64
12/26/2019,3,8,68
12/27/2019,3,8,73
12/28/2019,3,8,56
12/29/2019,3,8,54
12/30/2019,3,8,55
12/31/2019,3,8,47
1/1/2020,3,8,59
1/2/2020,3,8,60
1/3/2020,3,8,59
1/4/2020,3,8,62
1/5/2020,3,8,47
1/6/2020,3,8,51
1/7/2020,3,8,59
1/8/2020,3,8,68
1/9/2020,3,8,61
1/10/2020,3,8,67
1/11/2020,3,8,76
1/12/2020,3,8,53
1/13/2020,3,8,59
1/14/2020,3,8,50
1/15/2020,3,8,55
1/16/2020,3,8,46
1/17/2020,3,8,87
1/18/2020,3,8,69
1/19/2020,3,8,53
1/20/2020,3,8,54
1/21/2020,3,8,54
1/22/2020,3,8,50
1/23/2020,3,8,56
1/24/2020,3,8,66
1/25/2020,3,8,61
1/26/2020,3,8,45
1/27/2020,3,8,54
1/28/2020,3,8,71
1/29/2020,3,8,66
1/30/2020,3,8,56
1/31/2020,3,8,75
2/1/2020,3,8,69
2/2/2020,3,8,37
2/3/2020,3,8,63
2/4/2020,3,8,67
2/5/2020,3,8,72
2/6/2020,3,8,63
2/7/2020,3,8,67
2/8/2020,3,8,90
2/9/2020,3,8,61
2/10/2020,3,8,63
2/11/2020,3,8,70
2/12/2020,3,8,57
2/13/2020,3,8,60
2/14/2020,3,8,74
2/15/2020,3,8,84
2/16/2020,3,8,51
2/17/2020,3,8,77
2/18/2020,3,8,62
2/19/2020,3,8,68
2/20/2020,3,8,70
2/21/2020,3,8,71
2/22/2020,3,8,89
2/23/2020,3,8,60
2/24/2020,3,8,45
2/25/2020,3,8,53
2/26/2020,3,8,75
2/27/2020,3,8,59
2/28/2020,3,8,77
3/1/2020,3,8,107
3/2/2020,3,8,67
3/3/2020,3,8,70
3/4/2020,3,8,70
3/5/2020,3,8,91
3/6/2020,3,8,75
3/7/2020,3,8,103
3/8/2020,3,8,87
3/9/2020,3,8,69
3/10/2020,3,8,57
3/11/2020,3,8,85
3/12/2020,3,8,73
3/13/2020,3,8,76
3/14/2020,3,8,63
3/15/2020,3,8,91
3/16/2020,3,8,52
3/17/2020,3,8,71
3/18/2020,3,8,82
3/19/2020,3,8,75
3/20/2020,3,8,86
3/21/2020,3,8,95
3/22/2020,3,8,92
3/23/2020,3,8,71
3/24/2020,3,8,83
3/25/2020,3,8,80
3/26/2020,3,8,74
3/27/2020,3,8,81
3/28/2020,3,8,80
3/29/2020,3,8,94
3/30/2020,3,8,66
3/31/2020,3,8,82
4/1/2020,3,8,80
4/2/2020,3,8,89
4/3/2020,3,8,84
4/4/2020,3,8,117
4/5/2020,3,8,118
4/6/2020,3,8,73
4/7/2020,3,8,80
4/8/2020,3,8,89
4/9/2020,3,8,102
4/10/2020,3,8,92
4/11/2020,3,8,108
4/12/2020,3,8,120
4/13/2020,3,8,66
4/14/2020,3,8,83
4/15/2020,3,8,87
4/16/2020,3,8,115
4/17/2020,3,8,103
4/18/2020,3,8,101
4/19/2020,3,8,101
4/20/2020,3,8,58
4/21/2020,3,8,103
4/22/2020,3,8,84
4/23/2020,3,8,87
4/24/2020,3,8,102
4/25/2020,3,8,95
4/26/2020,3,8,129
4/27/2020,3,8,75
4/28/2020,3,8,95
4/29/2020,3,8,93
4/30/2020,3,8,119
5/1/2020,3,8,101
5/2/2020,3,8,125
5/3/2020,3,8,132
5/4/2020,3,8,82
5/5/2020,3,8,107
5/6/2020,3,8,91
5/7/2020,3,8,89
5/8/2020,3,8,92
5/9/2020,3,8,117
5/10/2020,3,8,115
5/11/2020,3,8,74
5/12/2020,3,8,87
5/13/2020,3,8,95
5/14/2020,3,8,108
5/15/2020,3,8,100
5/16/2020,3,8,104
5/17/2020,3,8,128
5/18/2020,3,8,79
5/19/2020,3,8,91
5/20/2020,3,8,108
5/21/2020,3,8,100
5/22/2020,3,8,107
5/23/2020,3,8,101
5/24/2020,3,8,101
5/25/2020,3,8,88
5/26/2020,3,8,86
5/27/2020,3,8,91
5/28/2020,3,8,120
5/29/2020,3,8,98
5/30/2020,3,8,108
5/31/2020,3,8,128
6/1/2020,3,8,113
6/2/2020,3,8,94
6/3/2020,3,8,73
6/4/2020,3,8,86
6/5/2020,3,8,115
6/6/2020,3,8,133
6/7/2020,3,8,149
6/8/2020,3,8,87
6/9/2020,3,8,98
6/10/2020,3,8,103
6/11/2020,3,8,94
6/12/2020,3,8,97
6/13/2020,3,8,123
6/14/2020,3,8,127
6/15/2020,3,8,84
6/16/2020,3,8,92
6/17/2020,3,8,98
6/18/2020,3,8,123
6/19/2020,3,8,119
6/20/2020,3,8,97
6/21/2020,3,8,144
6/22/2020,3,8,97
6/23/2020,3,8,88
6/24/2020,3,8,98
6/25/2020,3,8,109
6/26/2020,3,8,106
6/27/2020,3,8,109
6/28/2020,3,8,136
6/29/2020,3,8,77
6/30/2020,3,8,93
7/1/2020,3,8,110
7/2/2020,3,8,105
7/3/2020,3,8,123
7/4/2020,3,8,105
7/5/2020,3,8,149
7/6/2020,3,8,75
7/7/2020,3,8,96
7/8/2020,3,8,84
7/9/2020,3,8,90
7/10/2020,3,8,105
7/11/2020,3,8,128
7/12/2020,3,8,123
7/13/2020,3,8,77
7/14/2020,3,8,104
7/15/2020,3,8,104
7/16/2020,3,8,122
7/17/2020,3,8,119
7/18/2020,3,8,120
7/19/2020,3,8,114
7/20/2020,3,8,88
7/21/2020,3,8,96
7/22/2020,3,8,110
7/23/2020,3,8,122
7/24/2020,3,8,109
7/25/2020,3,8,139
7/26/2020,3,8,132
7/27/2020,3,8,93
7/28/2020,3,8,98
7/29/2020,3,8,129
7/30/2020,3,8,104
7/31/2020,3,8,102
8/1/2020,3,8,100
8/2/2020,3,8,114
8/3/2020,3,8,85
8/4/2020,3,8,100
8/5/2020,3,8,101
8/6/2020,3,8,115
8/7/2020,3,8,119
8/8/2020,3,8,117
8/9/2020,3,8,107
8/10/2020,3,8,87
8/11/2020,3,8,77
8/12/2020,3,8,94
8/13/2020,3,8,104
8/14/2020,3,8,110
8/15/2020,3,8,112
8/16/2020,3,8,111
8/17/2020,3,8,95
8/18/2020,3,8,108
8/19/2020,3,8,84
8/20/2020,3,8,134
8/21/2020,3,8,115
8/22/2020,3,8,106
8/23/2020,3,8,123
8/24/2020,3,8,82
8/25/2020,3,8,76
8/26/2020,3,8,89
8/27/2020,3,8,103
8/28/2020,3,8,97
8/29/2020,3,8,109
8/30/2020,3,8,131
8/31/2020,3,8,74
9/1/2020,3,8,87
9/2/2020,3,8,80
9/3/2020,3,8,97
9/4/2020,3,8,94
9/5/2020,3,8,121
9/6/2020,3,8,112
9/7/2020,3,8,79
9/8/2020,3,8,74
9/9/2020,3,8,97
9/10/2020,3,8,97
9/11/2020,3,8,113
9/12/2020,3,8,114
9/13/2020,3,8,105
9/14/2020,3,8,78
9/15/2020,3,8,94
9/16/2020,3,8,60
9/17/2020,3,8,103
9/18/2020,3,8,105
9/19/2020,3,8,104
9/20/2020,3,8,104
9/21/2020,3,8,77
9/22/2020,3,8,81
9/23/2020,3,8,87
9/24/2020,3,8,99
9/25/2020,3,8,85
9/26/2020,3,8,116
9/27/2020,3,8,114
9/28/2020,3,8,87
9/29/2020,3,8,76
9/30/2020,3,8,93
10/1/2020,3,8,85
10/2/2020,3,8,98
10/3/2020,3,8,93
10/4/2020,3,8,95
10/5/2020,3,8,77
10/6/2020,3,8,72
10/7/2020,3,8,78
10/8/2020,3,8,83
10/9/2020,3,8,82
10/10/2020,3,8,78
10/11/2020,3,8,113
10/12/2020,3,8,66
10/13/2020,3,8,77
10/14/2020,3,8,88
10/15/2020,3,8,76
10/16/2020,3,8,108
10/17/2020,3,8,88
10/18/2020,3,8,114
10/19/2020,3,8,80
10/20/2020,3,8,78
10/21/2020,3,8,76
10/22/2020,3,8,83
10/23/2020,3,8,92
10/24/2020,3,8,76
10/25/2020,3,8,109
10/26/2020,3,8,71
10/27/2020,3,8,77
10/28/2020,3,8,68
10/29/2020,3,8,82
10/30/2020,3,8,80
10/31/2020,3,8,79
11/1/2020,3,8,103
11/2/2020,3,8,77
11/3/2020,3,8,95
11/4/2020,3,8,76
11/5/2020,3,8,81
11/6/2020,3,8,102
11/7/2020,3,8,97
11/8/2020,3,8,115
11/9/2020,3,8,68
11/10/2020,3,8,94
11/11/2020,3,8,81
11/12/2020,3,8,88
11/13/2020,3,8,94
11/14/2020,3,8,121
11/15/2020,3,8,98
11/16/2020,3,8,75
11/17/2020,3,8,80
11/18/2020,3,8,79
11/19/2020,3,8,75
11/20/2020,3,8,83
11/21/2020,3,8,97
11/22/2020,3,8,108
11/23/2020,3,8,75
11/24/2020,3,8,107
11/25/2020,3,8,72
11/26/2020,3,8,91
11/27/2020,3,8,95
11/28/2020,3,8,119
11/29/2020,3,8,96
11/30/2020,3,8,69
12/1/2020,3,8,53
12/2/2020,3,8,56
12/3/2020,3,8,61
12/4/2020,3,8,73
12/5/2020,3,8,69
12/6/2020,3,8,79
12/7/2020,3,8,50
12/8/2020,3,8,56
12/9/2020,3,8,63
12/10/2020,3,8,71
12/11/2020,3,8,69
12/12/2020,3,8,96
12/13/2020,3,8,89
12/14/2020,3,8,56
12/15/2020,3,8,62
12/16/2020,3,8,62
12/17/2020,3,8,48
12/18/2020,3,8,56
12/19/2020,3,8,80
12/20/2020,3,8,68
12/21/2020,3,8,48
12/22/2020,3,8,61
12/23/2020,3,8,70
12/24/2020,3,8,53
12/25/2020,3,8,74
12/26/2020,3,8,68
12/27/2020,3,8,76
12/28/2020,3,8,47
12/29/2020,3,8,60
12/30/2020,3,8,62
12/31/2020,3,8,69
1/1/2021,3,8,76
1/2/2021,3,8,77
1/3/2021,3,8,79
1/4/2021,3,8,56
1/5/2021,3,8,76
1/6/2021,3,8,53
1/7/2021,3,8,78
1/8/2021,3,8,66
1/9/2021,3,8,77
1/10/2021,3,8,66
1/11/2021,3,8,61
1/12/2021,3,8,61
1/13/2021,3,8,66
1/14/2021,3,8,56
1/15/2021,3,8,61
1/16/2021,3,8,72
1/17/2021,3,8,79
1/18/2021,3,8,47
1/19/2021,3,8,47
1/20/2021,3,8,63
1/21/2021,3,8,62
1/22/2021,3,8,85
1/23/2021,3,8,68
1/24/2021,3,8,75
1/25/2021,3,8,45
1/26/2021,3,8,60
1/27/2021,3,8,56
1/28/2021,3,8,58
1/29/2021,3,8,58
1/30/2021,3,8,71
1/31/2021,3,8,82
2/1/2021,3,8,69
2/2/2021,3,8,68
2/3/2021,3,8,71
2/4/2021,3,8,58
2/5/2021,3,8,72
2/6/2021,3,8,70
2/7/2021,3,8,97
2/8/2021,3,8,59
2/9/2021,3,8,63
2/10/2021,3,8,61
2/11/2021,3,8,51
2/12/2021,3,8,77
2/13/2021,3,8,77
2/14/2021,3,8,79
2/15/2021,3,8,59
2/16/2021,3,8,62
2/17/2021,3,8,61
2/18/2021,3,8,66
2/19/2021,3,8,88
2/20/2021,3,8,81
2/21/2021,3,8,71
2/22/2021,3,8,66
2/23/2021,3,8,83
2/24/2021,3,8,65
2/25/2021,3,8,65
2/26/2021,3,8,81
2/27/2021,3,8,79
2/28/2021,3,8,90
2/29/2021,3,8,58
3/1/2021,3,8,88
3/2/2021,3,8,74
3/3/2021,3,8,101
3/4/2021,3,8,86
3/5/2021,3,8,102
3/6/2021,3,8,112
3/7/2021,3,8,64
3/8/2021,3,8,80
3/9/2021,3,8,87
3/10/2021,3,8,87
3/11/2021,3,8,101
3/12/2021,3,8,102
3/13/2021,3,8,93
3/14/2021,3,8,54
3/15/2021,3,8,78
3/16/2021,3,8,68
3/17/2021,3,8,92
3/18/2021,3,8,76
3/19/2021,3,8,85
3/20/2021,3,8,98
3/21/2021,3,8,58
3/22/2021,3,8,67
3/23/2021,3,8,86
3/24/2021,3,8,75
3/25/2021,3,8,82
3/26/2021,3,8,98
3/27/2021,3,8,102
3/28/2021,3,8,75
3/29/2021,3,8,96
3/30/2021,3,8,87
3/31/2021,3,8,86
4/1/2021,3,8,126
4/2/2021,3,8,122
4/3/2021,3,8,137
4/4/2021,3,8,76
4/5/2021,3,8,83
4/6/2021,3,8,80
4/7/2021,3,8,108
4/8/2021,3,8,119
4/9/2021,3,8,113
4/10/2021,3,8,113
4/11/2021,3,8,90
4/12/2021,3,8,93
4/13/2021,3,8,93
4/14/2021,3,8,110
4/15/2021,3,8,98
4/16/2021,3,8,123
4/17/2021,3,8,145
4/18/2021,3,8,75
4/19/2021,3,8,115
4/20/2021,3,8,81
4/21/2021,3,8,111
4/22/2021,3,8,123
4/23/2021,3,8,105
4/24/2021,3,8,112
4/25/2021,3,8,82
4/26/2021,3,8,77
4/27/2021,3,8,90
4/28/2021,3,8,88
4/29/2021,3,8,113
4/30/2021,3,8,118
5/1/2021,3,8,128
5/2/2021,3,8,80
5/3/2021,3,8,104
5/4/2021,3,8,82
5/5/2021,3,8,122
5/6/2021,3,8,98
5/7/2021,3,8,117
5/8/2021,3,8,129
5/9/2021,3,8,78
5/10/2021,3,8,91
5/11/2021,3,8,112
5/12/2021,3,8,95
5/13/2021,3,8,102
5/14/2021,3,8,115
5/15/2021,3,8,143
5/16/2021,3,8,94
5/17/2021,3,8,109
5/18/2021,3,8,90
5/19/2021,3,8,104
5/20/2021,3,8,114
5/21/2021,3,8,117
5/22/2021,3,8,134
5/23/2021,3,8,72
5/24/2021,3,8,104
5/25/2021,3,8,113
5/26/2021,3,8,110
5/27/2021,3,8,100
5/28/2021,3,8,145
5/29/2021,3,8,130
5/30/2021,3,8,94
5/31/2021,3,8,107
6/1/2021,3,8,113
6/2/2021,3,8,116
6/3/2021,3,8,116
6/4/2021,3,8,134
6/5/2021,3,8,146
6/6/2021,3,8,81
6/7/2021,3,8,109
6/8/2021,3,8,107
6/9/2021,3,8,121
6/10/2021,3,8,111
6/11/2021,3,8,141
6/12/2021,3,8,141
6/13/2021,3,8,102
6/14/2021,3,8,115
6/15/2021,3,8,106
6/16/2021,3,8,115
6/17/2021,3,8,121
6/18/2021,3,8,133
6/19/2021,3,8,133
6/20/2021,3,8,67
6/21/2021,3,8,121
6/22/2021,3,8,112
6/23/2021,3,8,133
6/24/2021,3,8,126
6/25/2021,3,8,132
6/26/2021,3,8,148
6/27/2021,3,8,103
6/28/2021,3,8,114
6/29/2021,3,8,116
6/30/2021,3,8,110
7/1/2021,3,8,141
7/2/2021,3,8,147
7/3/2021,3,8,122
7/4/2021,3,8,95
7/5/2021,3,8,122
7/6/2021,3,8,126
7/7/2021,3,8,126
7/8/2021,3,8,130
7/9/2021,3,8,167
7/10/2021,3,8,126
7/11/2021,3,8,112
7/12/2021,3,8,119
7/13/2021,3,8,110
7/14/2021,3,8,127
7/15/2021,3,8,129
7/16/2021,3,8,119
7/17/2021,3,8,127
7/18/2021,3,8,112
7/19/2021,3,8,98
7/20/2021,3,8,111
7/21/2021,3,8,115
7/22/2021,3,8,138
7/23/2021,3,8,138
7/24/2021,3,8,140
7/25/2021,3,8,94
7/26/2021,3,8,118
7/27/2021,3,8,122
7/28/2021,3,8,118
7/29/2021,3,8,121
7/30/2021,3,8,126
7/31/2021,3,8,134
8/1/2021,3,8,86
8/2/2021,3,8,102
8/3/2021,3,8,98
8/4/2021,3,8,105
8/5/2021,3,8,116
8/6/2021,3,8,117
8/7/2021,3,8,128
8/8/2021,3,8,83
8/9/2021,3,8,89
8/10/2021,3,8,112
8/11/2021,3,8,93
8/12/2021,3,8,125
8/13/2021,3,8,105
8/14/2021,3,8,123
8/15/2021,3,8,87
8/16/2021,3,8,89
8/17/2021,3,8,93
8/18/2021,3,8,104
8/19/2021,3,8,100
8/20/2021,3,8,116
8/21/2021,3,8,120
8/22/2021,3,8,68
8/23/2021,3,8,98
8/24/2021,3,8,95
8/25/2021,3,8,107
8/26/2021,3,8,117
8/27/2021,3,8,122
8/28/2021,3,8,124
8/29/2021,3,8,93
8/30/2021,3,8,106
8/31/2021,3,8,98
9/1/2021,3,8,80
9/2/2021,3,8,93
9/3/2021,3,8,119
9/4/2021,3,8,127
9/5/2021,3,8,78
9/6/2021,3,8,89
9/7/2021,3,8,95
9/8/2021,3,8,99
9/9/2021,3,8,89
9/10/2021,3,8,114
9/11/2021,3,8,120
9/12/2021,3,8,77
9/13/2021,3,8,93
9/14/2021,3,8,87
9/15/2021,3,8,103
9/16/2021,3,8,118
9/17/2021,3,8,124
9/18/2021,3,8,107
9/19/2021,3,8,75
9/20/2021,3,8,88
9/21/2021,3,8,101
9/22/2021,3,8,99
9/23/2021,3,8,105
9/24/2021,3,8,119
9/25/2021,3,8,108
9/26/2021,3,8,82
9/27/2021,3,8,84
9/28/2021,3,8,103
9/29/2021,3,8,106
9/30/2021,3,8,91
10/1/2021,3,8,122
10/2/2021,3,8,103
10/3/2021,3,8,70
10/4/2021,3,8,96
10/5/2021,3,8,77
10/6/2021,3,8,111
10/7/2021,3,8,94
10/8/2021,3,8,117
10/9/2021,3,8,97
10/10/2021,3,8,73
10/11/2021,3,8,80
10/12/2021,3,8,70
10/13/2021,3,8,83
10/14/2021,3,8,90
10/15/2021,3,8,117
10/16/2021,3,8,104
10/17/2021,3,8,72
10/18/2021,3,8,81
10/19/2021,3,8,82
10/20/2021,3,8,99
10/21/2021,3,8,87
10/22/2021,3,8,117
10/23/2021,3,8,116
10/24/2021,3,8,83
10/25/2021,3,8,86
10/26/2021,3,8,84
10/27/2021,3,8,97
10/28/2021,3,8,105
10/29/2021,3,8,113
10/30/2021,3,8,105
10/31/2021,3,8,64
11/1/2021,3,8,90
11/2/2021,3,8,107
11/3/2021,3,8,90
11/4/2021,3,8,112
11/5/2021,3,8,108
11/6/2021,3,8,113
11/7/2021,3,8,76
11/8/2021,3,8,107
11/9/2021,3,8,94
11/10/2021,3,8,92
11/11/2021,3,8,99
11/12/2021,3,8,115
11/13/2021,3,8,131
11/14/2021,3,8,78
11/15/2021,3,8,91
11/16/2021,3,8,98
11/17/2021,3,8,102
11/18/2021,3,8,111
11/19/2021,3,8,107
11/20/2021,3,8,112
11/21/2021,3,8,52
11/22/2021,3,8,81
11/23/2021,3,8,89
11/24/2021,3,8,103
11/25/2021,3,8,94
11/26/2021,3,8,112
11/27/2021,3,8,108
11/28/2021,3,8,83
11/29/2021,3,8,86
11/30/2021,3,8,89
12/1/2021,3,8,66
12/2/2021,3,8,86
12/3/2021,3,8,77
12/4/2021,3,8,97
12/5/2021,3,8,55
12/6/2021,3,8,67
12/7/2021,3,8,61
12/8/2021,3,8,69
12/9/2021,3,8,64
12/10/2021,3,8,79
12/11/2021,3,8,103
12/12/2021,3,8,60
12/13/2021,3,8,59
12/14/2021,3,8,63
12/15/2021,3,8,84
12/16/2021,3,8,75
12/17/2021,3,8,93
12/18/2021,3,8,97
12/19/2021,3,8,56
12/20/2021,3,8,55
12/21/2021,3,8,57
12/22/2021,3,8,72
12/23/2021,3,8,68
12/24/2021,3,8,89
12/25/2021,3,8,89
12/26/2021,3,8,66
12/27/2021,3,8,58
12/28/2021,3,8,81
12/29/2021,3,8,72
12/30/2021,3,8,80
12/31/2021,3,8,78
1/1/2022,3,8,77
1/2/2022,3,8,54
1/3/2022,3,8,71
1/4/2022,3,8,72
1/5/2022,3,8,63
1/6/2022,3,8,86
1/7/2022,3,8,67
1/8/2022,3,8,82
1/9/2022,3,8,53
1/10/2022,3,8,56
1/11/2022,3,8,48
1/12/2022,3,8,66
1/13/2022,3,8,71
1/14/2022,3,8,92
1/15/2022,3,8,84
1/16/2022,3,8,42
1/17/2022,3,8,63
1/18/2022,3,8,66
1/19/2022,3,8,60
1/20/2022,3,8,74
1/21/2022,3,8,81
1/22/2022,3,8,85
1/23/2022,3,8,58
1/24/2022,3,8,65
1/25/2022,3,8,41
1/26/2022,3,8,67
1/27/2022,3,8,68
1/28/2022,3,8,71
1/29/2022,3,8,71
1/30/2022,3,8,63
1/31/2022,3,8,50
2/1/2022,3,8,65
2/2/2022,3,8,71
2/3/2022,3,8,83
2/4/2022,3,8,83
2/5/2022,3,8,97
2/6/2022,3,8,51
2/7/2022,3,8,84
2/8/2022,3,8,59
2/9/2022,3,8,76
2/10/2022,3,8,80
2/11/2022,3,8,78
2/12/2022,3,8,72
2/13/2022,3,8,61
2/14/2022,3,8,79
2/15/2022,3,8,82
2/16/2022,3,8,74
2/17/2022,3,8,80
2/18/2022,3,8,72
2/19/2022,3,8,73
2/20/2022,3,8,57
2/21/2022,3,8,63
2/22/2022,3,8,70
2/23/2022,3,8,78
2/24/2022,3,8,92
2/25/2022,3,8,100
2/26/2022,3,8,71
2/27/2022,3,8,66
2/28/2022,3,8,58
3/1/2022,3,8,83
3/2/2022,3,8,105
3/3/2022,3,8,94
3/4/2022,3,8,97
3/5/2022,3,8,98
3/6/2022,3,8,75
3/7/2022,3,8,79
3/8/2022,3,8,105
3/9/2022,3,8,71
3/10/2022,3,8,105
3/11/2022,3,8,87
3/12/2022,3,8,99
3/13/2022,3,8,58
3/14/2022,3,8,86
3/15/2022,3,8,101
3/16/2022,3,8,81
3/17/2022,3,8,92
3/18/2022,3,8,105
3/19/2022,3,8,85
3/20/2022,3,8,80
3/21/2022,3,8,75
3/22/2022,3,8,79
3/23/2022,3,8,71
3/24/2022,3,8,93
3/25/2022,3,8,96
3/26/2022,3,8,103
3/27/2022,3,8,65
3/28/2022,3,8,95
3/29/2022,3,8,75
3/30/2022,3,8,83
3/31/2022,3,8,88
4/1/2022,3,8,103
4/2/2022,3,8,142
4/3/2022,3,8,102
4/4/2022,3,8,97
4/5/2022,3,8,72
4/6/2022,3,8,94
4/7/2022,3,8,112
4/8/2022,3,8,125
4/9/2022,3,8,141
4/10/2022,3,8,92
4/11/2022,3,8,98
4/12/2022,3,8,100
4/13/2022,3,8,104
4/14/2022,3,8,106
4/15/2022,3,8,115
4/16/2022,3,8,133
4/17/2022,3,8,92
4/18/2022,3,8,97
4/19/2022,3,8,90
4/20/2022,3,8,90
4/21/2022,3,8,112
4/22/2022,3,8,112
4/23/2022,3,8,126
4/24/2022,3,8,85
4/25/2022,3,8,94
4/26/2022,3,8,97
4/27/2022,3,8,113
4/28/2022,3,8,111
4/29/2022,3,8,112
4/30/2022,3,8,119
5/1/2022,3,8,92
5/2/2022,3,8,110
5/3/2022,3,8,95
5/4/2022,3,8,108
5/5/2022,3,8,101
5/6/2022,3,8,122
5/7/2022,3,8,125
5/8/2022,3,8,70
5/9/2022,3,8,106
5/10/2022,3,8,108
5/11/2022,3,8,140
5/12/2022,3,8,119
5/13/2022,3,8,111
5/14/2022,3,8,123
5/15/2022,3,8,78
5/16/2022,3,8,99
5/17/2022,3,8,95
5/18/2022,3,8,102
5/19/2022,3,8,127
5/20/2022,3,8,128
5/21/2022,3,8,143
5/22/2022,3,8,90
5/23/2022,3,8,95
5/24/2022,3,8,93
5/25/2022,3,8,121
5/26/2022,3,8,116
5/27/2022,3,8,105
5/28/2022,3,8,139
5/29/2022,3,8,84
5/30/2022,3,8,120
5/31/2022,3,8,107
6/1/2022,3,8,111
6/2/2022,3,8,128
6/3/2022,3,8,148
6/4/2022,3,8,152
6/5/2022,3,8,97
6/6/2022,3,8,105
6/7/2022,3,8,124
6/8/2022,3,8,124
6/9/2022,3,8,116
6/10/2022,3,8,122
6/11/2022,3,8,124
6/12/2022,3,8,105
6/13/2022,3,8,125
6/14/2022,3,8,96
6/15/2022,3,8,116
6/16/2022,3,8,121
6/17/2022,3,8,123
6/18/2022,3,8,129
6/19/2022,3,8,88
6/20/2022,3,8,101
6/21/2022,3,8,101
6/22/2022,3,8,110
6/23/2022,3,8,122
6/24/2022,3,8,141
6/25/2022,3,8,150
6/26/2022,3,8,105
6/27/2022,3,8,105
6/28/2022,3,8,102
6/29/2022,3,8,109
6/30/2022,3,8,140
7/1/2022,3,8,141
7/2/2022,3,8,140
7/3/2022,3,8,117
7/4/2022,3,8,113
7/5/2022,3,8,98
7/6/2022,3,8,127
7/7/2022,3,8,140
7/8/2022,3,8,137
7/9/2022,3,8,165
7/10/2022,3,8,95
7/11/2022,3,8,112
7/12/2022,3,8,98
7/13/2022,3,8,121
7/14/2022,3,8,137
7/15/2022,3,8,135
7/16/2022,3,8,174
7/17/2022,3,8,115
7/18/2022,3,8,106
7/19/2022,3,8,90
7/20/2022,3,8,132
7/21/2022,3,8,137
7/22/2022,3,8,175
7/23/2022,3,8,176
7/24/2022,3,8,96
7/25/2022,3,8,108
7/26/2022,3,8,128
7/27/2022,3,8,123
7/28/2022,3,8,132
7/29/2022,3,8,141
7/30/2022,3,8,178
7/31/2022,3,8,110
8/1/2022,3,8,94
8/2/2022,3,8,109
8/3/2022,3,8,99
8/4/2022,3,8,119
8/5/2022,3,8,113
8/6/2022,3,8,133
8/7/2022,3,8,83
8/8/2022,3,8,123
8/9/2022,3,8,124
8/10/2022,3,8,118
8/11/2022,3,8,124
8/12/2022,3,8,123
8/13/2022,3,8,124
8/14/2022,3,8,81
8/15/2022,3,8,85
8/16/2022,3,8,101
8/17/2022,3,8,105
8/18/2022,3,8,136
8/19/2022,3,8,130
8/20/2022,3,8,127
8/21/2022,3,8,84
8/22/2022,3,8,101
8/23/2022,3,8,104
8/24/2022,3,8,105
8/25/2022,3,8,107
8/26/2022,3,8,118
8/27/2022,3,8,134
8/28/2022,3,8,85
8/29/2022,3,8,108
8/30/2022,3,8,96
8/31/2022,3,8,104
9/1/2022,3,8,113
9/2/2022,3,8,123
9/3/2022,3,8,123
9/4/2022,3,8,82
9/5/2022,3,8,98
9/6/2022,3,8,113
9/7/2022,3,8,90
9/8/2022,3,8,133
9/9/2022,3,8,127
9/10/2022,3,8,105
9/11/2022,3,8,71
9/12/2022,3,8,86
9/13/2022,3,8,92
9/14/2022,3,8,110
9/15/2022,3,8,101
9/16/2022,3,8,115
9/17/2022,3,8,121
9/18/2022,3,8,88
9/19/2022,3,8,84
9/20/2022,3,8,94
9/21/2022,3,8,109
9/22/2022,3,8,113
9/23/2022,3,8,126
9/24/2022,3,8,121
9/25/2022,3,8,79
9/26/2022,3,8,120
9/27/2022,3,8,94
9/28/2022,3,8,104
9/29/2022,3,8,105
9/30/2022,3,8,115
10/1/2022,3,8,118
10/2/2022,3,8,88
10/3/2022,3,8,86
10/4/2022,3,8,88
10/5/2022,3,8,97
10/6/2022,3,8,115
10/7/2022,3,8,104
10/8/2022,3,8,105
10/9/2022,3,8,81
10/10/2022,3,8,91
10/11/2022,3,8,92
10/12/2022,3,8,86
10/13/2022,3,8,106
10/14/2022,3,8,118
10/15/2022,3,8,118
10/16/2022,3,8,94
10/17/2022,3,8,78
10/18/2022,3,8,87
10/19/2022,3,8,97
10/20/2022,3,8,90
10/21/2022,3,8,108
10/22/2022,3,8,96
10/23/2022,3,8,71
10/24/2022,3,8,75
10/25/2022,3,8,102
10/26/2022,3,8,92
10/27/2022,3,8,91
10/28/2022,3,8,107
10/29/2022,3,8,128
10/30/2022,3,8,76
10/31/2022,3,8,99
11/1/2022,3,8,85
11/2/2022,3,8,110
11/3/2022,3,8,108
11/4/2022,3,8,120
11/5/2022,3,8,111
11/6/2022,3,8,87
11/7/2022,3,8,106
11/8/2022,3,8,118
11/9/2022,3,8,92
11/10/2022,3,8,104
11/11/2022,3,8,118
11/12/2022,3,8,125
11/13/2022,3,8,85
11/14/2022,3,8,93
11/15/2022,3,8,85
11/16/2022,3,8,103
11/17/2022,3,8,109
11/18/2022,3,8,121
11/19/2022,3,8,122
11/20/2022,3,8,73
11/21/2022,3,8,103
11/22/2022,3,8,84
11/23/2022,3,8,102
11/24/2022,3,8,104
11/25/2022,3,8,133
11/26/2022,3,8,141
11/27/2022,3,8,80
11/28/2022,3,8,112
11/29/2022,3,8,98
11/30/2022,3,8,99
12/1/2022,3,8,82
12/2/2022,3,8,79
12/3/2022,3,8,94
12/4/2022,3,8,56
12/5/2022,3,8,73
12/6/2022,3,8,63
12/7/2022,3,8,77
12/8/2022,3,8,68
12/9/2022,3,8,81
12/10/2022,3,8,84
12/11/2022,3,8,50
12/12/2022,3,8,92
12/13/2022,3,8,87
12/14/2022,3,8,65
12/15/2022,3,8,87
12/16/2022,3,8,82
12/17/2022,3,8,103
12/18/2022,3,8,53
12/19/2022,3,8,71
12/20/2022,3,8,59
12/21/2022,3,8,66
12/22/2022,3,8,95
12/23/2022,3,8,83
12/24/2022,3,8,71
12/25/2022,3,8,53
12/26/2022,3,8,56
12/27/2022,3,8,67
12/28/2022,3,8,80
12/29/2022,3,8,71
12/30/2022,3,8,87
12/31/2022,3,8,76
