date,warehouse,item,sales
1/1/2018,1,4,10
1/2/2018,1,4,11
1/3/2018,1,4,8
1/4/2018,1,4,19
1/5/2018,1,4,12
1/6/2018,1,4,16
1/7/2018,1,4,7
1/8/2018,1,4,9
1/9/2018,1,4,11
1/10/2018,1,4,16
1/11/2018,1,4,19
1/12/2018,1,4,9
1/13/2018,1,4,8
1/14/2018,1,4,5
1/15/2018,1,4,14
1/16/2018,1,4,7
1/17/2018,1,4,11
1/18/2018,1,4,7
1/19/2018,1,4,9
1/20/2018,1,4,20
1/21/2018,1,4,15
1/22/2018,1,4,11
1/23/2018,1,4,7
1/24/2018,1,4,8
1/25/2018,1,4,12
1/26/2018,1,4,5
1/27/2018,1,4,13
1/28/2018,1,4,7
1/29/2018,1,4,13
1/30/2018,1,4,8
1/31/2018,1,4,19
2/1/2018,1,4,21
2/2/2018,1,4,10
2/3/2018,1,4,6
2/4/2018,1,4,11
2/5/2018,1,4,17
2/6/2018,1,4,9
2/7/2018,1,4,15
2/8/2018,1,4,14
2/9/2018,1,4,12
2/10/2018,1,4,13
2/11/2018,1,4,12
2/12/2018,1,4,13
2/13/2018,1,4,13
2/14/2018,1,4,9
2/15/2018,1,4,15
2/16/2018,1,4,13
2/17/2018,1,4,11
2/18/2018,1,4,9
2/19/2018,1,4,8
2/20/2018,1,4,14
2/21/2018,1,4,9
2/22/2018,1,4,9
2/23/2018,1,4,13
2/24/2018,1,4,9
2/25/2018,1,4,8
2/26/2018,1,4,16
2/27/2018,1,4,17
2/28/2018,1,4,14
3/1/2018,1,4,9
3/2/2018,1,4,25
3/3/2018,1,4,19
3/4/2018,1,4,10
3/5/2018,1,4,20
3/6/2018,1,4,13
3/7/2018,1,4,14
3/8/2018,1,4,18
3/9/2018,1,4,20
3/10/2018,1,4,14
3/11/2018,1,4,8
3/12/2018,1,4,14
3/13/2018,1,4,12
3/14/2018,1,4,14
3/15/2018,1,4,15
3/16/2018,1,4,11
3/17/2018,1,4,15
3/18/2018,1,4,10
3/19/2018,1,4,13
3/20/2018,1,4,14
3/21/2018,1,4,15
3/22/2018,1,4,12
3/23/2018,1,4,15
3/24/2018,1,4,22
3/25/2018,1,4,16
3/26/2018,1,4,11
3/27/2018,1,4,14
3/28/2018,1,4,17
3/29/2018,1,4,11
3/30/2018,1,4,23
3/31/2018,1,4,23
4/1/2018,1,4,12
4/2/2018,1,4,14
4/3/2018,1,4,13
4/4/2018,1,4,18
4/5/2018,1,4,24
4/6/2018,1,4,18
4/7/2018,1,4,13
4/8/2018,1,4,6
4/9/2018,1,4,11
4/10/2018,1,4,20
4/11/2018,1,4,14
4/12/2018,1,4,15
4/13/2018,1,4,27
4/14/2018,1,4,27
4/15/2018,1,4,12
4/16/2018,1,4,23
4/17/2018,1,4,21
4/18/2018,1,4,16
4/19/2018,1,4,21
4/20/2018,1,4,21
4/21/2018,1,4,21
4/22/2018,1,4,10
4/23/2018,1,4,21
4/24/2018,1,4,11
4/25/2018,1,4,15
4/26/2018,1,4,14
4/27/2018,1,4,22
4/28/2018,1,4,29
4/29/2018,1,4,9
4/30/2018,1,4,16
5/1/2018,1,4,18
5/2/2018,1,4,25
5/3/2018,1,4,20
5/4/2018,1,4,21
5/5/2018,1,4,27
5/6/2018,1,4,5
5/7/2018,1,4,16
5/8/2018,1,4,24
5/9/2018,1,4,23
5/10/2018,1,4,24
5/11/2018,1,4,28
5/12/2018,1,4,17
5/13/2018,1,4,14
5/14/2018,1,4,16
5/15/2018,1,4,24
5/16/2018,1,4,24
5/17/2018,1,4,22
5/18/2018,1,4,27
5/19/2018,1,4,28
5/20/2018,1,4,12
5/21/2018,1,4,19
5/22/2018,1,4,21
5/23/2018,1,4,20
5/24/2018,1,4,24
5/25/2018,1,4,12
5/26/2018,1,4,26
5/27/2018,1,4,13
5/28/2018,1,4,18
5/29/2018,1,4,18
5/30/2018,1,4,22
5/31/2018,1,4,24
6/1/2018,1,4,21
6/2/2018,1,4,29
6/3/2018,1,4,22
6/4/2018,1,4,18
6/5/2018,1,4,19
6/6/2018,1,4,22
6/7/2018,1,4,18
6/8/2018,1,4,20
6/9/2018,1,4,17
6/10/2018,1,4,16
6/11/2018,1,4,20
6/12/2018,1,4,14
6/13/2018,1,4,22
6/14/2018,1,4,14
6/15/2018,1,4,29
6/16/2018,1,4,21
6/17/2018,1,4,14
6/18/2018,1,4,17
6/19/2018,1,4,16
6/20/2018,1,4,16
6/21/2018,1,4,20
6/22/2018,1,4,24
6/23/2018,1,4,25
6/24/2018,1,4,22
6/25/2018,1,4,23
6/26/2018,1,4,13
6/27/2018,1,4,26
6/28/2018,1,4,17
6/29/2018,1,4,24
6/30/2018,1,4,20
7/1/2018,1,4,9
7/2/2018,1,4,13
7/3/2018,1,4,16
7/4/2018,1,4,21
7/5/2018,1,4,28
7/6/2018,1,4,28
7/7/2018,1,4,29
7/8/2018,1,4,14
7/9/2018,1,4,18
7/10/2018,1,4,14
7/11/2018,1,4,20
7/12/2018,1,4,25
7/13/2018,1,4,30
7/14/2018,1,4,24
7/15/2018,1,4,16
7/16/2018,1,4,21
7/17/2018,1,4,22
7/18/2018,1,4,21
7/19/2018,1,4,24
7/20/2018,1,4,28
7/21/2018,1,4,19
7/22/2018,1,4,14
7/23/2018,1,4,19
7/24/2018,1,4,27
7/25/2018,1,4,18
7/26/2018,1,4,21
7/27/2018,1,4,17
7/28/2018,1,4,27
7/29/2018,1,4,9
7/30/2018,1,4,21
7/31/2018,1,4,13
8/1/2018,1,4,11
8/2/2018,1,4,18
8/3/2018,1,4,17
8/4/2018,1,4,27
8/5/2018,1,4,14
8/6/2018,1,4,20
8/7/2018,1,4,18
8/8/2018,1,4,18
8/9/2018,1,4,18
8/10/2018,1,4,34
8/11/2018,1,4,18
8/12/2018,1,4,14
8/13/2018,1,4,19
8/14/2018,1,4,18
8/15/2018,1,4,21
8/16/2018,1,4,16
8/17/2018,1,4,25
8/18/2018,1,4,15
8/19/2018,1,4,23
8/20/2018,1,4,16
8/21/2018,1,4,13
8/22/2018,1,4,19
8/23/2018,1,4,20
8/24/2018,1,4,27
8/25/2018,1,4,13
8/26/2018,1,4,16
8/27/2018,1,4,22
8/28/2018,1,4,21
8/29/2018,1,4,14
8/30/2018,1,4,17
8/31/2018,1,4,18
9/1/2018,1,4,22
9/2/2018,1,4,15
9/3/2018,1,4,15
9/4/2018,1,4,12
9/5/2018,1,4,25
9/6/2018,1,4,18
9/7/2018,1,4,25
9/8/2018,1,4,28
9/9/2018,1,4,4
9/10/2018,1,4,22
9/11/2018,1,4,22
9/12/2018,1,4,24
9/13/2018,1,4,16
9/14/2018,1,4,24
9/15/2018,1,4,20
9/16/2018,1,4,17
9/17/2018,1,4,20
9/18/2018,1,4,10
9/19/2018,1,4,20
9/20/2018,1,4,17
9/21/2018,1,4,18
9/22/2018,1,4,31
9/23/2018,1,4,9
9/24/2018,1,4,20
9/25/2018,1,4,15
9/26/2018,1,4,15
9/27/2018,1,4,16
9/28/2018,1,4,16
9/29/2018,1,4,20
9/30/2018,1,4,18
10/1/2018,1,4,13
10/2/2018,1,4,13
10/3/2018,1,4,16
10/4/2018,1,4,19
10/5/2018,1,4,22
10/6/2018,1,4,14
10/7/2018,1,4,13
10/8/2018,1,4,14
10/9/2018,1,4,10
10/10/2018,1,4,17
10/11/2018,1,4,14
10/12/2018,1,4,12
10/13/2018,1,4,21
10/14/2018,1,4,7
10/15/2018,1,4,19
10/16/2018,1,4,11
10/17/2018,1,4,11
10/18/2018,1,4,20
10/19/2018,1,4,20
10/20/2018,1,4,18
10/21/2018,1,4,10
10/22/2018,1,4,15
10/23/2018,1,4,19
10/24/2018,1,4,21
10/25/2018,1,4,17
10/26/2018,1,4,19
10/27/2018,1,4,22
10/28/2018,1,4,19
10/29/2018,1,4,10
10/30/2018,1,4,9
10/31/2018,1,4,10
11/1/2018,1,4,22
11/2/2018,1,4,24
11/3/2018,1,4,17
11/4/2018,1,4,12
11/5/2018,1,4,19
11/6/2018,1,4,24
11/7/2018,1,4,18
11/8/2018,1,4,12
11/9/2018,1,4,16
11/10/2018,1,4,14
11/11/2018,1,4,12
11/12/2018,1,4,16
11/13/2018,1,4,11
11/14/2018,1,4,18
11/15/2018,1,4,13
11/16/2018,1,4,25
11/17/2018,1,4,28
11/18/2018,1,4,9
11/19/2018,1,4,18
11/20/2018,1,4,17
11/21/2018,1,4,17
11/22/2018,1,4,19
11/23/2018,1,4,21
11/24/2018,1,4,19
11/25/2018,1,4,11
11/26/2018,1,4,12
11/27/2018,1,4,16
11/28/2018,1,4,29
11/29/2018,1,4,12
11/30/2018,1,4,18
12/1/2018,1,4,17
12/2/2018,1,4,8
12/3/2018,1,4,13
12/4/2018,1,4,17
12/5/2018,1,4,11
12/6/2018,1,4,12
12/7/2018,1,4,20
12/8/2018,1,4,12
12/9/2018,1,4,13
12/10/2018,1,4,5
12/11/2018,1,4,6
12/12/2018,1,4,13
12/13/2018,1,4,15
12/14/2018,1,4,13
12/15/2018,1,4,15
12/16/2018,1,4,7
12/17/2018,1,4,9
12/18/2018,1,4,8
12/19/2018,1,4,15
12/20/2018,1,4,15
12/21/2018,1,4,12
12/22/2018,1,4,13
12/23/2018,1,4,9
12/24/2018,1,4,14
12/25/2018,1,4,10
12/26/2018,1,4,15
12/27/2018,1,4,11
12/28/2018,1,4,22
12/29/2018,1,4,21
12/30/2018,1,4,13
12/31/2018,1,4,9
1/1/2019,1,4,9
1/2/2019,1,4,7
1/3/2019,1,4,10
1/4/2019,1,4,14
1/5/2019,1,4,14
1/6/2019,1,4,14
1/7/2019,1,4,9
1/8/2019,1,4,10
1/9/2019,1,4,13
1/10/2019,1,4,14
1/11/2019,1,4,21
1/12/2019,1,4,15
1/13/2019,1,4,4
1/14/2019,1,4,9
1/15/2019,1,4,18
1/16/2019,1,4,8
1/17/2019,1,4,11
1/18/2019,1,4,15
1/19/2019,1,4,17
1/20/2019,1,4,10
1/21/2019,1,4,12
1/22/2019,1,4,10
1/23/2019,1,4,6
1/24/2019,1,4,18
1/25/2019,1,4,11
1/26/2019,1,4,15
1/27/2019,1,4,11
1/28/2019,1,4,7
1/29/2019,1,4,7
1/30/2019,1,4,17
1/31/2019,1,4,10
2/1/2019,1,4,24
2/2/2019,1,4,15
2/3/2019,1,4,13
2/4/2019,1,4,19
2/5/2019,1,4,14
2/6/2019,1,4,12
2/7/2019,1,4,15
2/8/2019,1,4,13
2/9/2019,1,4,19
2/10/2019,1,4,8
2/11/2019,1,4,13
2/12/2019,1,4,6
2/13/2019,1,4,17
2/14/2019,1,4,24
2/15/2019,1,4,19
2/16/2019,1,4,20
2/17/2019,1,4,14
2/18/2019,1,4,18
2/19/2019,1,4,14
2/20/2019,1,4,17
2/21/2019,1,4,15
2/22/2019,1,4,15
2/23/2019,1,4,19
2/24/2019,1,4,16
2/25/2019,1,4,9
2/26/2019,1,4,10
2/27/2019,1,4,9
2/28/2019,1,4,8
3/1/2019,1,4,19
3/2/2019,1,4,22
3/3/2019,1,4,14
3/4/2019,1,4,19
3/5/2019,1,4,15
3/6/2019,1,4,14
3/7/2019,1,4,15
3/8/2019,1,4,15
3/9/2019,1,4,14
3/10/2019,1,4,15
3/11/2019,1,4,16
3/12/2019,1,4,16
3/13/2019,1,4,20
3/14/2019,1,4,15
3/15/2019,1,4,27
3/16/2019,1,4,13
3/17/2019,1,4,20
3/18/2019,1,4,9
3/19/2019,1,4,20
3/20/2019,1,4,20
3/21/2019,1,4,20
3/22/2019,1,4,15
3/23/2019,1,4,16
3/24/2019,1,4,18
3/25/2019,1,4,13
3/26/2019,1,4,18
3/27/2019,1,4,20
3/28/2019,1,4,19
3/29/2019,1,4,22
3/30/2019,1,4,18
3/31/2019,1,4,7
4/1/2019,1,4,22
4/2/2019,1,4,24
4/3/2019,1,4,22
4/4/2019,1,4,24
4/5/2019,1,4,38
4/6/2019,1,4,23
4/7/2019,1,4,20
4/8/2019,1,4,12
4/9/2019,1,4,23
4/10/2019,1,4,18
4/11/2019,1,4,32
4/12/2019,1,4,17
4/13/2019,1,4,26
4/14/2019,1,4,8
4/15/2019,1,4,11
4/16/2019,1,4,25
4/17/2019,1,4,20
4/18/2019,1,4,17
4/19/2019,1,4,27
4/20/2019,1,4,29
4/21/2019,1,4,13
4/22/2019,1,4,23
4/23/2019,1,4,18
4/24/2019,1,4,14
4/25/2019,1,4,21
4/26/2019,1,4,26
4/27/2019,1,4,23
4/28/2019,1,4,21
4/29/2019,1,4,14
4/30/2019,1,4,20
5/1/2019,1,4,21
5/2/2019,1,4,20
5/3/2019,1,4,35
5/4/2019,1,4,22
5/5/2019,1,4,14
5/6/2019,1,4,16
5/7/2019,1,4,18
5/8/2019,1,4,32
5/9/2019,1,4,20
5/10/2019,1,4,14
5/11/2019,1,4,21
5/12/2019,1,4,17
5/13/2019,1,4,20
5/14/2019,1,4,18
5/15/2019,1,4,22
5/16/2019,1,4,20
5/17/2019,1,4,21
5/18/2019,1,4,29
5/19/2019,1,4,14
5/20/2019,1,4,14
5/21/2019,1,4,14
5/22/2019,1,4,16
5/23/2019,1,4,27
5/24/2019,1,4,24
5/25/2019,1,4,27
5/26/2019,1,4,17
5/27/2019,1,4,20
5/28/2019,1,4,22
5/29/2019,1,4,21
5/30/2019,1,4,29
5/31/2019,1,4,20
6/1/2019,1,4,25
6/2/2019,1,4,17
6/3/2019,1,4,24
6/4/2019,1,4,20
6/5/2019,1,4,15
6/6/2019,1,4,26
6/7/2019,1,4,27
6/8/2019,1,4,27
6/9/2019,1,4,25
6/10/2019,1,4,22
6/11/2019,1,4,21
6/12/2019,1,4,24
6/13/2019,1,4,22
6/14/2019,1,4,35
6/15/2019,1,4,24
6/16/2019,1,4,19
6/17/2019,1,4,25
6/18/2019,1,4,18
6/19/2019,1,4,28
6/20/2019,1,4,23
6/21/2019,1,4,24
6/22/2019,1,4,20
6/23/2019,1,4,15
6/24/2019,1,4,28
6/25/2019,1,4,25
6/26/2019,1,4,21
6/27/2019,1,4,23
6/28/2019,1,4,23
6/29/2019,1,4,29
6/30/2019,1,4,18
7/1/2019,1,4,19
7/2/2019,1,4,24
7/3/2019,1,4,21
7/4/2019,1,4,30
7/5/2019,1,4,31
7/6/2019,1,4,28
7/7/2019,1,4,19
7/8/2019,1,4,29
7/9/2019,1,4,21
7/10/2019,1,4,32
7/11/2019,1,4,29
7/12/2019,1,4,29
7/13/2019,1,4,22
7/14/2019,1,4,25
7/15/2019,1,4,22
7/16/2019,1,4,21
7/17/2019,1,4,26
7/18/2019,1,4,21
7/19/2019,1,4,32
7/20/2019,1,4,40
7/21/2019,1,4,20
7/22/2019,1,4,32
7/23/2019,1,4,26
7/24/2019,1,4,23
7/25/2019,1,4,31
7/26/2019,1,4,30
7/27/2019,1,4,29
7/28/2019,1,4,14
7/29/2019,1,4,17
7/30/2019,1,4,25
7/31/2019,1,4,23
8/1/2019,1,4,21
8/2/2019,1,4,18
8/3/2019,1,4,38
8/4/2019,1,4,20
8/5/2019,1,4,23
8/6/2019,1,4,24
8/7/2019,1,4,25
8/8/2019,1,4,17
8/9/2019,1,4,23
8/10/2019,1,4,35
8/11/2019,1,4,18
8/12/2019,1,4,27
8/13/2019,1,4,22
8/14/2019,1,4,31
8/15/2019,1,4,19
8/16/2019,1,4,23
8/17/2019,1,4,22
8/18/2019,1,4,12
8/19/2019,1,4,23
8/20/2019,1,4,27
8/21/2019,1,4,25
8/22/2019,1,4,15
8/23/2019,1,4,32
8/24/2019,1,4,26
8/25/2019,1,4,14
8/26/2019,1,4,18
8/27/2019,1,4,15
8/28/2019,1,4,22
8/29/2019,1,4,22
8/30/2019,1,4,20
8/31/2019,1,4,28
9/1/2019,1,4,16
9/2/2019,1,4,14
9/3/2019,1,4,15
9/4/2019,1,4,24
9/5/2019,1,4,26
9/6/2019,1,4,25
9/7/2019,1,4,29
9/8/2019,1,4,15
9/9/2019,1,4,16
9/10/2019,1,4,23
9/11/2019,1,4,25
9/12/2019,1,4,16
9/13/2019,1,4,30
9/14/2019,1,4,24
9/15/2019,1,4,24
9/16/2019,1,4,18
9/17/2019,1,4,16
9/18/2019,1,4,18
9/19/2019,1,4,18
9/20/2019,1,4,20
9/21/2019,1,4,26
9/22/2019,1,4,11
9/23/2019,1,4,17
9/24/2019,1,4,24
9/25/2019,1,4,18
9/26/2019,1,4,18
9/27/2019,1,4,15
9/28/2019,1,4,28
9/29/2019,1,4,19
9/30/2019,1,4,17
10/1/2019,1,4,16
10/2/2019,1,4,12
10/3/2019,1,4,12
10/4/2019,1,4,22
10/5/2019,1,4,20
10/6/2019,1,4,16
10/7/2019,1,4,13
10/8/2019,1,4,22
10/9/2019,1,4,17
10/10/2019,1,4,13
10/11/2019,1,4,18
10/12/2019,1,4,26
10/13/2019,1,4,14
10/14/2019,1,4,19
10/15/2019,1,4,23
10/16/2019,1,4,17
10/17/2019,1,4,12
10/18/2019,1,4,25
10/19/2019,1,4,26
10/20/2019,1,4,21
10/21/2019,1,4,11
10/22/2019,1,4,12
10/23/2019,1,4,15
10/24/2019,1,4,18
10/25/2019,1,4,18
10/26/2019,1,4,13
10/27/2019,1,4,18
10/28/2019,1,4,20
10/29/2019,1,4,16
10/30/2019,1,4,12
10/31/2019,1,4,24
11/1/2019,1,4,18
11/2/2019,1,4,20
11/3/2019,1,4,17
11/4/2019,1,4,17
11/5/2019,1,4,16
11/6/2019,1,4,19
11/7/2019,1,4,23
11/8/2019,1,4,24
11/9/2019,1,4,33
11/10/2019,1,4,24
11/11/2019,1,4,23
11/12/2019,1,4,24
11/13/2019,1,4,26
11/14/2019,1,4,25
11/15/2019,1,4,24
11/16/2019,1,4,28
11/17/2019,1,4,12
11/18/2019,1,4,19
11/19/2019,1,4,13
11/20/2019,1,4,26
11/21/2019,1,4,25
11/22/2019,1,4,16
11/23/2019,1,4,29
11/24/2019,1,4,19
11/25/2019,1,4,18
11/26/2019,1,4,16
11/27/2019,1,4,21
11/28/2019,1,4,21
11/29/2019,1,4,24
11/30/2019,1,4,20
12/1/2019,1,4,13
12/2/2019,1,4,18
12/3/2019,1,4,12
12/4/2019,1,4,17
12/5/2019,1,4,17
12/6/2019,1,4,21
12/7/2019,1,4,15
12/8/2019,1,4,14
12/9/2019,1,4,12
12/10/2019,1,4,23
12/11/2019,1,4,16
12/12/2019,1,4,21
12/13/2019,1,4,12
12/14/2019,1,4,17
12/15/2019,1,4,8
12/16/2019,1,4,16
12/17/2019,1,4,13
12/18/2019,1,4,17
12/19/2019,1,4,14
12/20/2019,1,4,19
12/21/2019,1,4,13
12/22/2019,1,4,15
12/23/2019,1,4,19
12/24/2019,1,4,21
12/25/2019,1,4,10
12/26/2019,1,4,13
12/27/2019,1,4,15
12/28/2019,1,4,20
12/29/2019,1,4,7
12/30/2019,1,4,12
12/31/2019,1,4,14
1/1/2020,1,4,15
1/2/2020,1,4,20
1/3/2020,1,4,19
1/4/2020,1,4,23
1/5/2020,1,4,10
1/6/2020,1,4,13
1/7/2020,1,4,21
1/8/2020,1,4,16
1/9/2020,1,4,14
1/10/2020,1,4,28
1/11/2020,1,4,13
1/12/2020,1,4,15
1/13/2020,1,4,6
1/14/2020,1,4,14
1/15/2020,1,4,14
1/16/2020,1,4,11
1/17/2020,1,4,19
1/18/2020,1,4,18
1/19/2020,1,4,15
1/20/2020,1,4,9
1/21/2020,1,4,13
1/22/2020,1,4,6
1/23/2020,1,4,10
1/24/2020,1,4,13
1/25/2020,1,4,18
1/26/2020,1,4,9
1/27/2020,1,4,11
1/28/2020,1,4,14
1/29/2020,1,4,15
1/30/2020,1,4,18
1/31/2020,1,4,14
2/1/2020,1,4,15
2/2/2020,1,4,9
2/3/2020,1,4,17
2/4/2020,1,4,13
2/5/2020,1,4,14
2/6/2020,1,4,13
2/7/2020,1,4,13
2/8/2020,1,4,23
2/9/2020,1,4,5
2/10/2020,1,4,15
2/11/2020,1,4,15
2/12/2020,1,4,17
2/13/2020,1,4,13
2/14/2020,1,4,15
2/15/2020,1,4,20
2/16/2020,1,4,17
2/17/2020,1,4,15
2/18/2020,1,4,6
2/19/2020,1,4,20
2/20/2020,1,4,19
2/21/2020,1,4,12
2/22/2020,1,4,13
2/23/2020,1,4,9
2/24/2020,1,4,14
2/25/2020,1,4,11
2/26/2020,1,4,11
2/27/2020,1,4,21
2/28/2020,1,4,22
3/1/2020,1,4,23
3/2/2020,1,4,10
3/3/2020,1,4,25
3/4/2020,1,4,18
3/5/2020,1,4,19
3/6/2020,1,4,7
3/7/2020,1,4,21
3/8/2020,1,4,25
3/9/2020,1,4,17
3/10/2020,1,4,13
3/11/2020,1,4,14
3/12/2020,1,4,18
3/13/2020,1,4,12
3/14/2020,1,4,25
3/15/2020,1,4,20
3/16/2020,1,4,17
3/17/2020,1,4,18
3/18/2020,1,4,17
3/19/2020,1,4,21
3/20/2020,1,4,15
3/21/2020,1,4,20
3/22/2020,1,4,13
3/23/2020,1,4,12
3/24/2020,1,4,15
3/25/2020,1,4,13
3/26/2020,1,4,17
3/27/2020,1,4,18
3/28/2020,1,4,19
3/29/2020,1,4,26
3/30/2020,1,4,20
3/31/2020,1,4,24
4/1/2020,1,4,12
4/2/2020,1,4,21
4/3/2020,1,4,26
4/4/2020,1,4,30
4/5/2020,1,4,32
4/6/2020,1,4,12
4/7/2020,1,4,28
4/8/2020,1,4,23
4/9/2020,1,4,24
4/10/2020,1,4,20
4/11/2020,1,4,27
4/12/2020,1,4,19
4/13/2020,1,4,15
4/14/2020,1,4,21
4/15/2020,1,4,19
4/16/2020,1,4,26
4/17/2020,1,4,22
4/18/2020,1,4,18
4/19/2020,1,4,27
4/20/2020,1,4,13
4/21/2020,1,4,21
4/22/2020,1,4,21
4/23/2020,1,4,27
4/24/2020,1,4,25
4/25/2020,1,4,25
4/26/2020,1,4,26
4/27/2020,1,4,16
4/28/2020,1,4,24
4/29/2020,1,4,20
4/30/2020,1,4,26
5/1/2020,1,4,26
5/2/2020,1,4,24
5/3/2020,1,4,21
5/4/2020,1,4,21
5/5/2020,1,4,16
5/6/2020,1,4,14
5/7/2020,1,4,18
5/8/2020,1,4,32
5/9/2020,1,4,30
5/10/2020,1,4,25
5/11/2020,1,4,15
5/12/2020,1,4,20
5/13/2020,1,4,18
5/14/2020,1,4,22
5/15/2020,1,4,34
5/16/2020,1,4,21
5/17/2020,1,4,34
5/18/2020,1,4,24
5/19/2020,1,4,22
5/20/2020,1,4,19
5/21/2020,1,4,23
5/22/2020,1,4,29
5/23/2020,1,4,28
5/24/2020,1,4,28
5/25/2020,1,4,15
5/26/2020,1,4,16
5/27/2020,1,4,24
5/28/2020,1,4,21
5/29/2020,1,4,32
5/30/2020,1,4,31
5/31/2020,1,4,29
6/1/2020,1,4,16
6/2/2020,1,4,25
6/3/2020,1,4,24
6/4/2020,1,4,25
6/5/2020,1,4,33
6/6/2020,1,4,26
6/7/2020,1,4,31
6/8/2020,1,4,12
6/9/2020,1,4,30
6/10/2020,1,4,17
6/11/2020,1,4,23
6/12/2020,1,4,16
6/13/2020,1,4,27
6/14/2020,1,4,32
6/15/2020,1,4,21
6/16/2020,1,4,16
6/17/2020,1,4,23
6/18/2020,1,4,21
6/19/2020,1,4,26
6/20/2020,1,4,24
6/21/2020,1,4,26
6/22/2020,1,4,14
6/23/2020,1,4,19
6/24/2020,1,4,21
6/25/2020,1,4,24
6/26/2020,1,4,21
6/27/2020,1,4,29
6/28/2020,1,4,27
6/29/2020,1,4,12
6/30/2020,1,4,25
7/1/2020,1,4,30
7/2/2020,1,4,24
7/3/2020,1,4,30
7/4/2020,1,4,32
7/5/2020,1,4,37
7/6/2020,1,4,17
7/7/2020,1,4,18
7/8/2020,1,4,29
7/9/2020,1,4,20
7/10/2020,1,4,22
7/11/2020,1,4,39
7/12/2020,1,4,16
7/13/2020,1,4,21
7/14/2020,1,4,35
7/15/2020,1,4,16
7/16/2020,1,4,32
7/17/2020,1,4,23
7/18/2020,1,4,18
7/19/2020,1,4,29
7/20/2020,1,4,18
7/21/2020,1,4,19
7/22/2020,1,4,22
7/23/2020,1,4,26
7/24/2020,1,4,26
7/25/2020,1,4,25
7/26/2020,1,4,29
7/27/2020,1,4,14
7/28/2020,1,4,30
7/29/2020,1,4,29
7/30/2020,1,4,30
7/31/2020,1,4,27
8/1/2020,1,4,21
8/2/2020,1,4,24
8/3/2020,1,4,17
8/4/2020,1,4,19
8/5/2020,1,4,27
8/6/2020,1,4,19
8/7/2020,1,4,21
8/8/2020,1,4,19
8/9/2020,1,4,24
8/10/2020,1,4,17
8/11/2020,1,4,19
8/12/2020,1,4,21
8/13/2020,1,4,34
8/14/2020,1,4,16
8/15/2020,1,4,27
8/16/2020,1,4,32
8/17/2020,1,4,26
8/18/2020,1,4,32
8/19/2020,1,4,18
8/20/2020,1,4,13
8/21/2020,1,4,27
8/22/2020,1,4,27
8/23/2020,1,4,30
8/24/2020,1,4,15
8/25/2020,1,4,17
8/26/2020,1,4,16
8/27/2020,1,4,22
8/28/2020,1,4,23
8/29/2020,1,4,23
8/30/2020,1,4,25
8/31/2020,1,4,20
9/1/2020,1,4,18
9/2/2020,1,4,14
9/3/2020,1,4,24
9/4/2020,1,4,20
9/5/2020,1,4,21
9/6/2020,1,4,30
9/7/2020,1,4,16
9/8/2020,1,4,16
9/9/2020,1,4,24
9/10/2020,1,4,20
9/11/2020,1,4,25
9/12/2020,1,4,34
9/13/2020,1,4,23
9/14/2020,1,4,16
9/15/2020,1,4,25
9/16/2020,1,4,26
9/17/2020,1,4,25
9/18/2020,1,4,17
9/19/2020,1,4,31
9/20/2020,1,4,27
9/21/2020,1,4,20
9/22/2020,1,4,16
9/23/2020,1,4,20
9/24/2020,1,4,29
9/25/2020,1,4,13
9/26/2020,1,4,23
9/27/2020,1,4,16
9/28/2020,1,4,25
9/29/2020,1,4,17
9/30/2020,1,4,19
10/1/2020,1,4,21
10/2/2020,1,4,25
10/3/2020,1,4,22
10/4/2020,1,4,28
10/5/2020,1,4,9
10/6/2020,1,4,15
10/7/2020,1,4,23
10/8/2020,1,4,15
10/9/2020,1,4,16
10/10/2020,1,4,17
10/11/2020,1,4,26
10/12/2020,1,4,8
10/13/2020,1,4,18
10/14/2020,1,4,17
10/15/2020,1,4,20
10/16/2020,1,4,24
10/17/2020,1,4,16
10/18/2020,1,4,19
10/19/2020,1,4,16
10/20/2020,1,4,23
10/21/2020,1,4,21
10/22/2020,1,4,27
10/23/2020,1,4,27
10/24/2020,1,4,14
10/25/2020,1,4,36
10/26/2020,1,4,11
10/27/2020,1,4,20
10/28/2020,1,4,20
10/29/2020,1,4,18
10/30/2020,1,4,17
10/31/2020,1,4,15
11/1/2020,1,4,23
11/2/2020,1,4,16
11/3/2020,1,4,19
11/4/2020,1,4,26
11/5/2020,1,4,21
11/6/2020,1,4,17
11/7/2020,1,4,17
11/8/2020,1,4,22
11/9/2020,1,4,19
11/10/2020,1,4,16
11/11/2020,1,4,21
11/12/2020,1,4,21
11/13/2020,1,4,16
11/14/2020,1,4,23
11/15/2020,1,4,27
11/16/2020,1,4,14
11/17/2020,1,4,19
11/18/2020,1,4,9
11/19/2020,1,4,15
11/20/2020,1,4,16
11/21/2020,1,4,17
11/22/2020,1,4,28
11/23/2020,1,4,16
11/24/2020,1,4,23
11/25/2020,1,4,23
11/26/2020,1,4,18
11/27/2020,1,4,28
11/28/2020,1,4,31
11/29/2020,1,4,24
11/30/2020,1,4,20
12/1/2020,1,4,18
12/2/2020,1,4,17
12/3/2020,1,4,12
12/4/2020,1,4,16
12/5/2020,1,4,25
12/6/2020,1,4,16
12/7/2020,1,4,9
12/8/2020,1,4,11
12/9/2020,1,4,13
12/10/2020,1,4,23
12/11/2020,1,4,7
12/12/2020,1,4,18
12/13/2020,1,4,16
12/14/2020,1,4,12
12/15/2020,1,4,11
12/16/2020,1,4,17
12/17/2020,1,4,16
12/18/2020,1,4,24
12/19/2020,1,4,10
12/20/2020,1,4,14
12/21/2020,1,4,11
12/22/2020,1,4,12
12/23/2020,1,4,11
12/24/2020,1,4,16
12/25/2020,1,4,17
12/26/2020,1,4,14
12/27/2020,1,4,18
12/28/2020,1,4,5
12/29/2020,1,4,15
12/30/2020,1,4,15
12/31/2020,1,4,22
1/1/2021,1,4,15
1/2/2021,1,4,15
1/3/2021,1,4,21
1/4/2021,1,4,12
1/5/2021,1,4,12
1/6/2021,1,4,12
1/7/2021,1,4,16
1/8/2021,1,4,10
1/9/2021,1,4,23
1/10/2021,1,4,13
1/11/2021,1,4,11
1/12/2021,1,4,10
1/13/2021,1,4,12
1/14/2021,1,4,14
1/15/2021,1,4,12
1/16/2021,1,4,12
1/17/2021,1,4,19
1/18/2021,1,4,7
1/19/2021,1,4,17
1/20/2021,1,4,14
1/21/2021,1,4,13
1/22/2021,1,4,17
1/23/2021,1,4,10
1/24/2021,1,4,25
1/25/2021,1,4,11
1/26/2021,1,4,12
1/27/2021,1,4,12
1/28/2021,1,4,15
1/29/2021,1,4,19
1/30/2021,1,4,19
1/31/2021,1,4,17
2/1/2021,1,4,10
2/2/2021,1,4,14
2/3/2021,1,4,20
2/4/2021,1,4,20
2/5/2021,1,4,10
2/6/2021,1,4,21
2/7/2021,1,4,17
2/8/2021,1,4,15
2/9/2021,1,4,12
2/10/2021,1,4,25
2/11/2021,1,4,24
2/12/2021,1,4,13
2/13/2021,1,4,17
2/14/2021,1,4,21
2/15/2021,1,4,11
2/16/2021,1,4,8
2/17/2021,1,4,11
2/18/2021,1,4,15
2/19/2021,1,4,24
2/20/2021,1,4,26
2/21/2021,1,4,28
2/22/2021,1,4,13
2/23/2021,1,4,20
2/24/2021,1,4,14
2/25/2021,1,4,15
2/26/2021,1,4,26
2/27/2021,1,4,16
2/28/2021,1,4,14
2/29/2021,1,4,11
3/1/2021,1,4,16
3/2/2021,1,4,21
3/3/2021,1,4,15
3/4/2021,1,4,20
3/5/2021,1,4,20
3/6/2021,1,4,23
3/7/2021,1,4,16
3/8/2021,1,4,18
3/9/2021,1,4,17
3/10/2021,1,4,24
3/11/2021,1,4,20
3/12/2021,1,4,25
3/13/2021,1,4,18
3/14/2021,1,4,10
3/15/2021,1,4,18
3/16/2021,1,4,22
3/17/2021,1,4,24
3/18/2021,1,4,23
3/19/2021,1,4,27
3/20/2021,1,4,18
3/21/2021,1,4,13
3/22/2021,1,4,17
3/23/2021,1,4,20
3/24/2021,1,4,22
3/25/2021,1,4,28
3/26/2021,1,4,12
3/27/2021,1,4,20
3/28/2021,1,4,17
3/29/2021,1,4,16
3/30/2021,1,4,14
3/31/2021,1,4,20
4/1/2021,1,4,26
4/2/2021,1,4,26
4/3/2021,1,4,22
4/4/2021,1,4,18
4/5/2021,1,4,25
4/6/2021,1,4,17
4/7/2021,1,4,25
4/8/2021,1,4,28
4/9/2021,1,4,30
4/10/2021,1,4,21
4/11/2021,1,4,29
4/12/2021,1,4,20
4/13/2021,1,4,20
4/14/2021,1,4,21
4/15/2021,1,4,22
4/16/2021,1,4,27
4/17/2021,1,4,26
4/18/2021,1,4,19
4/19/2021,1,4,22
4/20/2021,1,4,29
4/21/2021,1,4,21
4/22/2021,1,4,23
4/23/2021,1,4,26
4/24/2021,1,4,26
4/25/2021,1,4,18
4/26/2021,1,4,22
4/27/2021,1,4,27
4/28/2021,1,4,20
4/29/2021,1,4,24
4/30/2021,1,4,26
5/1/2021,1,4,22
5/2/2021,1,4,25
5/3/2021,1,4,25
5/4/2021,1,4,20
5/5/2021,1,4,31
5/6/2021,1,4,32
5/7/2021,1,4,24
5/8/2021,1,4,23
5/9/2021,1,4,27
5/10/2021,1,4,29
5/11/2021,1,4,27
5/12/2021,1,4,23
5/13/2021,1,4,25
5/14/2021,1,4,40
5/15/2021,1,4,27
5/16/2021,1,4,24
5/17/2021,1,4,17
5/18/2021,1,4,25
5/19/2021,1,4,19
5/20/2021,1,4,23
5/21/2021,1,4,21
5/22/2021,1,4,29
5/23/2021,1,4,19
5/24/2021,1,4,25
5/25/2021,1,4,28
5/26/2021,1,4,21
5/27/2021,1,4,22
5/28/2021,1,4,22
5/29/2021,1,4,35
5/30/2021,1,4,22
5/31/2021,1,4,27
6/1/2021,1,4,27
6/2/2021,1,4,29
6/3/2021,1,4,25
6/4/2021,1,4,24
6/5/2021,1,4,34
6/6/2021,1,4,27
6/7/2021,1,4,25
6/8/2021,1,4,30
6/9/2021,1,4,27
6/10/2021,1,4,28
6/11/2021,1,4,27
6/12/2021,1,4,32
6/13/2021,1,4,16
6/14/2021,1,4,21
6/15/2021,1,4,29
6/16/2021,1,4,23
6/17/2021,1,4,29
6/18/2021,1,4,30
6/19/2021,1,4,30
6/20/2021,1,4,21
6/21/2021,1,4,25
6/22/2021,1,4,20
6/23/2021,1,4,34
6/24/2021,1,4,24
6/25/2021,1,4,39
6/26/2021,1,4,38
6/27/2021,1,4,28
6/28/2021,1,4,14
6/29/2021,1,4,29
6/30/2021,1,4,25
7/1/2021,1,4,29
7/2/2021,1,4,28
7/3/2021,1,4,19
7/4/2021,1,4,26
7/5/2021,1,4,27
7/6/2021,1,4,23
7/7/2021,1,4,32
7/8/2021,1,4,32
7/9/2021,1,4,30
7/10/2021,1,4,31
7/11/2021,1,4,19
7/12/2021,1,4,25
7/13/2021,1,4,19
7/14/2021,1,4,19
7/15/2021,1,4,35
7/16/2021,1,4,26
7/17/2021,1,4,41
7/18/2021,1,4,27
7/19/2021,1,4,21
7/20/2021,1,4,29
7/21/2021,1,4,27
7/22/2021,1,4,34
7/23/2021,1,4,31
7/24/2021,1,4,40
7/25/2021,1,4,15
7/26/2021,1,4,24
7/27/2021,1,4,33
7/28/2021,1,4,35
7/29/2021,1,4,23
7/30/2021,1,4,25
7/31/2021,1,4,31
8/1/2021,1,4,28
8/2/2021,1,4,29
8/3/2021,1,4,17
8/4/2021,1,4,19
8/5/2021,1,4,31
8/6/2021,1,4,31
8/7/2021,1,4,35
8/8/2021,1,4,15
8/9/2021,1,4,11
8/10/2021,1,4,15
8/11/2021,1,4,28
8/12/2021,1,4,22
8/13/2021,1,4,21
8/14/2021,1,4,29
8/15/2021,1,4,17
8/16/2021,1,4,21
8/17/2021,1,4,16
8/18/2021,1,4,30
8/19/2021,1,4,27
8/20/2021,1,4,27
8/21/2021,1,4,33
8/22/2021,1,4,17
8/23/2021,1,4,18
8/24/2021,1,4,31
8/25/2021,1,4,21
8/26/2021,1,4,28
8/27/2021,1,4,32
8/28/2021,1,4,25
8/29/2021,1,4,23
8/30/2021,1,4,21
8/31/2021,1,4,21
9/1/2021,1,4,13
9/2/2021,1,4,22
9/3/2021,1,4,35
9/4/2021,1,4,23
9/5/2021,1,4,25
9/6/2021,1,4,22
9/7/2021,1,4,18
9/8/2021,1,4,16
9/9/2021,1,4,18
9/10/2021,1,4,24
9/11/2021,1,4,26
9/12/2021,1,4,15
9/13/2021,1,4,22
9/14/2021,1,4,18
9/15/2021,1,4,40
9/16/2021,1,4,25
9/17/2021,1,4,27
9/18/2021,1,4,24
9/19/2021,1,4,21
9/20/2021,1,4,23
9/21/2021,1,4,19
9/22/2021,1,4,21
9/23/2021,1,4,32
9/24/2021,1,4,19
9/25/2021,1,4,31
9/26/2021,1,4,18
9/27/2021,1,4,17
9/28/2021,1,4,26
9/29/2021,1,4,24
9/30/2021,1,4,25
10/1/2021,1,4,25
10/2/2021,1,4,19
10/3/2021,1,4,19
10/4/2021,1,4,12
10/5/2021,1,4,24
10/6/2021,1,4,19
10/7/2021,1,4,16
10/8/2021,1,4,31
10/9/2021,1,4,32
10/10/2021,1,4,23
10/11/2021,1,4,19
10/12/2021,1,4,28
10/13/2021,1,4,25
10/14/2021,1,4,21
10/15/2021,1,4,23
10/16/2021,1,4,27
10/17/2021,1,4,10
10/18/2021,1,4,27
10/19/2021,1,4,17
10/20/2021,1,4,26
10/21/2021,1,4,24
10/22/2021,1,4,35
10/23/2021,1,4,23
10/24/2021,1,4,13
10/25/2021,1,4,25
10/26/2021,1,4,13
10/27/2021,1,4,21
10/28/2021,1,4,31
10/29/2021,1,4,28
10/30/2021,1,4,17
10/31/2021,1,4,14
11/1/2021,1,4,15
11/2/2021,1,4,15
11/3/2021,1,4,22
11/4/2021,1,4,19
11/5/2021,1,4,23
11/6/2021,1,4,29
11/7/2021,1,4,24
11/8/2021,1,4,14
11/9/2021,1,4,19
11/10/2021,1,4,35
11/11/2021,1,4,19
11/12/2021,1,4,26
11/13/2021,1,4,24
11/14/2021,1,4,14
11/15/2021,1,4,15
11/16/2021,1,4,23
11/17/2021,1,4,25
11/18/2021,1,4,21
11/19/2021,1,4,21
11/20/2021,1,4,30
11/21/2021,1,4,14
11/22/2021,1,4,17
11/23/2021,1,4,14
11/24/2021,1,4,23
11/25/2021,1,4,23
11/26/2021,1,4,26
11/27/2021,1,4,24
11/28/2021,1,4,17
11/29/2021,1,4,23
11/30/2021,1,4,29
12/1/2021,1,4,23
12/2/2021,1,4,18
12/3/2021,1,4,22
12/4/2021,1,4,27
12/5/2021,1,4,16
12/6/2021,1,4,16
12/7/2021,1,4,10
12/8/2021,1,4,20
12/9/2021,1,4,22
12/10/2021,1,4,14
12/11/2021,1,4,24
12/12/2021,1,4,15
12/13/2021,1,4,12
12/14/2021,1,4,14
12/15/2021,1,4,15
12/16/2021,1,4,25
12/17/2021,1,4,14
12/18/2021,1,4,25
12/19/2021,1,4,17
12/20/2021,1,4,15
12/21/2021,1,4,16
12/22/2021,1,4,17
12/23/2021,1,4,24
12/24/2021,1,4,14
12/25/2021,1,4,21
12/26/2021,1,4,11
12/27/2021,1,4,15
12/28/2021,1,4,17
12/29/2021,1,4,21
12/30/2021,1,4,20
12/31/2021,1,4,15
1/1/2022,1,4,21
1/2/2022,1,4,15
1/3/2022,1,4,12
1/4/2022,1,4,14
1/5/2022,1,4,10
1/6/2022,1,4,10
1/7/2022,1,4,21
1/8/2022,1,4,16
1/9/2022,1,4,5
1/10/2022,1,4,18
1/11/2022,1,4,16
1/12/2022,1,4,13
1/13/2022,1,4,16
1/14/2022,1,4,19
1/15/2022,1,4,18
1/16/2022,1,4,13
1/17/2022,1,4,19
1/18/2022,1,4,13
1/19/2022,1,4,10
1/20/2022,1,4,19
1/21/2022,1,4,17
1/22/2022,1,4,29
1/23/2022,1,4,18
1/24/2022,1,4,21
1/25/2022,1,4,15
1/26/2022,1,4,13
1/27/2022,1,4,13
1/28/2022,1,4,17
1/29/2022,1,4,20
1/30/2022,1,4,17
1/31/2022,1,4,10
2/1/2022,1,4,15
2/2/2022,1,4,17
2/3/2022,1,4,19
2/4/2022,1,4,18
2/5/2022,1,4,20
2/6/2022,1,4,13
2/7/2022,1,4,13
2/8/2022,1,4,13
2/9/2022,1,4,8
2/10/2022,1,4,20
2/11/2022,1,4,28
2/12/2022,1,4,22
2/13/2022,1,4,15
2/14/2022,1,4,13
2/15/2022,1,4,12
2/16/2022,1,4,15
2/17/2022,1,4,21
2/18/2022,1,4,15
2/19/2022,1,4,32
2/20/2022,1,4,13
2/21/2022,1,4,13
2/22/2022,1,4,16
2/23/2022,1,4,19
2/24/2022,1,4,9
2/25/2022,1,4,9
2/26/2022,1,4,22
2/27/2022,1,4,13
2/28/2022,1,4,21
3/1/2022,1,4,19
3/2/2022,1,4,23
3/3/2022,1,4,25
3/4/2022,1,4,15
3/5/2022,1,4,16
3/6/2022,1,4,12
3/7/2022,1,4,18
3/8/2022,1,4,18
3/9/2022,1,4,25
3/10/2022,1,4,24
3/11/2022,1,4,17
3/12/2022,1,4,22
3/13/2022,1,4,20
3/14/2022,1,4,16
3/15/2022,1,4,21
3/16/2022,1,4,19
3/17/2022,1,4,20
3/18/2022,1,4,27
3/19/2022,1,4,21
3/20/2022,1,4,17
3/21/2022,1,4,27
3/22/2022,1,4,17
3/23/2022,1,4,23
3/24/2022,1,4,18
3/25/2022,1,4,27
3/26/2022,1,4,23
3/27/2022,1,4,19
3/28/2022,1,4,18
3/29/2022,1,4,22
3/30/2022,1,4,17
3/31/2022,1,4,16
4/1/2022,1,4,37
4/2/2022,1,4,28
4/3/2022,1,4,19
4/4/2022,1,4,18
4/5/2022,1,4,16
4/6/2022,1,4,28
4/7/2022,1,4,18
4/8/2022,1,4,28
4/9/2022,1,4,23
4/10/2022,1,4,19
4/11/2022,1,4,28
4/12/2022,1,4,23
4/13/2022,1,4,30
4/14/2022,1,4,19
4/15/2022,1,4,18
4/16/2022,1,4,23
4/17/2022,1,4,15
4/18/2022,1,4,30
4/19/2022,1,4,23
4/20/2022,1,4,29
4/21/2022,1,4,23
4/22/2022,1,4,31
4/23/2022,1,4,36
4/24/2022,1,4,20
4/25/2022,1,4,17
4/26/2022,1,4,16
4/27/2022,1,4,27
4/28/2022,1,4,24
4/29/2022,1,4,26
4/30/2022,1,4,32
5/1/2022,1,4,13
5/2/2022,1,4,26
5/3/2022,1,4,24
5/4/2022,1,4,18
5/5/2022,1,4,23
5/6/2022,1,4,27
5/7/2022,1,4,33
5/8/2022,1,4,11
5/9/2022,1,4,18
5/10/2022,1,4,14
5/11/2022,1,4,33
5/12/2022,1,4,35
5/13/2022,1,4,28
5/14/2022,1,4,17
5/15/2022,1,4,18
5/16/2022,1,4,19
5/17/2022,1,4,23
5/18/2022,1,4,27
5/19/2022,1,4,26
5/20/2022,1,4,33
5/21/2022,1,4,30
5/22/2022,1,4,22
5/23/2022,1,4,22
5/24/2022,1,4,28
5/25/2022,1,4,26
5/26/2022,1,4,33
5/27/2022,1,4,24
5/28/2022,1,4,26
5/29/2022,1,4,14
5/30/2022,1,4,26
5/31/2022,1,4,25
6/1/2022,1,4,22
6/2/2022,1,4,19
6/3/2022,1,4,34
6/4/2022,1,4,36
6/5/2022,1,4,24
6/6/2022,1,4,27
6/7/2022,1,4,20
6/8/2022,1,4,31
6/9/2022,1,4,25
6/10/2022,1,4,40
6/11/2022,1,4,29
6/12/2022,1,4,30
6/13/2022,1,4,28
6/14/2022,1,4,17
6/15/2022,1,4,23
6/16/2022,1,4,27
6/17/2022,1,4,18
6/18/2022,1,4,36
6/19/2022,1,4,22
6/20/2022,1,4,27
6/21/2022,1,4,22
6/22/2022,1,4,27
6/23/2022,1,4,27
6/24/2022,1,4,41
6/25/2022,1,4,34
6/26/2022,1,4,22
6/27/2022,1,4,27
6/28/2022,1,4,18
6/29/2022,1,4,32
6/30/2022,1,4,29
7/1/2022,1,4,37
7/2/2022,1,4,39
7/3/2022,1,4,18
7/4/2022,1,4,30
7/5/2022,1,4,30
7/6/2022,1,4,26
7/7/2022,1,4,35
7/8/2022,1,4,35
7/9/2022,1,4,39
7/10/2022,1,4,17
7/11/2022,1,4,22
7/12/2022,1,4,27
7/13/2022,1,4,35
7/14/2022,1,4,31
7/15/2022,1,4,38
7/16/2022,1,4,26
7/17/2022,1,4,22
7/18/2022,1,4,21
7/19/2022,1,4,22
7/20/2022,1,4,23
7/21/2022,1,4,41
7/22/2022,1,4,28
7/23/2022,1,4,40
7/24/2022,1,4,19
7/25/2022,1,4,29
7/26/2022,1,4,26
7/27/2022,1,4,33
7/28/2022,1,4,40
7/29/2022,1,4,30
7/30/2022,1,4,31
7/31/2022,1,4,27
8/1/2022,1,4,16
8/2/2022,1,4,20
8/3/2022,1,4,24
8/4/2022,1,4,25
8/5/2022,1,4,26
8/6/2022,1,4,23
8/7/2022,1,4,23
8/8/2022,1,4,24
8/9/2022,1,4,26
8/10/2022,1,4,21
8/11/2022,1,4,23
8/12/2022,1,4,39
8/13/2022,1,4,34
8/14/2022,1,4,23
8/15/2022,1,4,16
8/16/2022,1,4,16
8/17/2022,1,4,28
8/18/2022,1,4,31
8/19/2022,1,4,37
8/20/2022,1,4,27
8/21/2022,1,4,16
8/22/2022,1,4,22
8/23/2022,1,4,23
8/24/2022,1,4,33
8/25/2022,1,4,23
8/26/2022,1,4,26
8/27/2022,1,4,43
8/28/2022,1,4,17
8/29/2022,1,4,26
8/30/2022,1,4,22
8/31/2022,1,4,27
9/1/2022,1,4,20
9/2/2022,1,4,22
9/3/2022,1,4,20
9/4/2022,1,4,24
9/5/2022,1,4,20
9/6/2022,1,4,21
9/7/2022,1,4,20
9/8/2022,1,4,20
9/9/2022,1,4,20
9/10/2022,1,4,31
9/11/2022,1,4,15
9/12/2022,1,4,24
9/13/2022,1,4,23
9/14/2022,1,4,26
9/15/2022,1,4,19
9/16/2022,1,4,15
9/17/2022,1,4,22
9/18/2022,1,4,16
9/19/2022,1,4,26
9/20/2022,1,4,22
9/21/2022,1,4,29
9/22/2022,1,4,23
9/23/2022,1,4,27
9/24/2022,1,4,21
9/25/2022,1,4,19
9/26/2022,1,4,19
9/27/2022,1,4,27
9/28/2022,1,4,17
9/29/2022,1,4,19
9/30/2022,1,4,22
10/1/2022,1,4,22
10/2/2022,1,4,21
10/3/2022,1,4,17
10/4/2022,1,4,24
10/5/2022,1,4,25
10/6/2022,1,4,23
10/7/2022,1,4,19
10/8/2022,1,4,21
10/9/2022,1,4,21
10/10/2022,1,4,22
10/11/2022,1,4,26
10/12/2022,1,4,22
10/13/2022,1,4,24
10/14/2022,1,4,26
10/15/2022,1,4,30
10/16/2022,1,4,21
10/17/2022,1,4,14
10/18/2022,1,4,22
10/19/2022,1,4,28
10/20/2022,1,4,20
10/21/2022,1,4,23
10/22/2022,1,4,16
10/23/2022,1,4,17
10/24/2022,1,4,30
10/25/2022,1,4,21
10/26/2022,1,4,17
10/27/2022,1,4,24
10/28/2022,1,4,26
10/29/2022,1,4,31
10/30/2022,1,4,7
10/31/2022,1,4,20
11/1/2022,1,4,23
11/2/2022,1,4,22
11/3/2022,1,4,20
11/4/2022,1,4,17
11/5/2022,1,4,21
11/6/2022,1,4,20
11/7/2022,1,4,25
11/8/2022,1,4,16
11/9/2022,1,4,22
11/10/2022,1,4,31
11/11/2022,1,4,27
11/12/2022,1,4,36
11/13/2022,1,4,16
11/14/2022,1,4,19
11/15/2022,1,4,27
11/16/2022,1,4,21
11/17/2022,1,4,24
11/18/2022,1,4,29
11/19/2022,1,4,30
11/20/2022,1,4,18
11/21/2022,1,4,30
11/22/2022,1,4,24
11/23/2022,1,4,23
11/24/2022,1,4,25
11/25/2022,1,4,29
11/26/2022,1,4,28
11/27/2022,1,4,21
11/28/2022,1,4,23
11/29/2022,1,4,18
11/30/2022,1,4,16
12/1/2022,1,4,23
12/2/2022,1,4,16
12/3/2022,1,4,15
12/4/2022,1,4,10
12/5/2022,1,4,15
12/6/2022,1,4,13
12/7/2022,1,4,14
12/8/2022,1,4,16
12/9/2022,1,4,22
12/10/2022,1,4,18
12/11/2022,1,4,10
12/12/2022,1,4,17
12/13/2022,1,4,11
12/14/2022,1,4,18
12/15/2022,1,4,15
12/16/2022,1,4,19
12/17/2022,1,4,14
12/18/2022,1,4,11
12/19/2022,1,4,17
12/20/2022,1,4,22
12/21/2022,1,4,16
12/22/2022,1,4,16
12/23/2022,1,4,17
12/24/2022,1,4,11
12/25/2022,1,4,11
12/26/2022,1,4,15
12/27/2022,1,4,16
12/28/2022,1,4,20
12/29/2022,1,4,25
12/30/2022,1,4,19
12/31/2022,1,4,15
1/1/2018,2,4,21
1/2/2018,2,4,14
1/3/2018,2,4,12
1/4/2018,2,4,17
1/5/2018,2,4,14
1/6/2018,2,4,17
1/7/2018,2,4,13
1/8/2018,2,4,10
1/9/2018,2,4,11
1/10/2018,2,4,12
1/11/2018,2,4,14
1/12/2018,2,4,17
1/13/2018,2,4,23
1/14/2018,2,4,12
1/15/2018,2,4,10
1/16/2018,2,4,19
1/17/2018,2,4,16
1/18/2018,2,4,13
1/19/2018,2,4,18
1/20/2018,2,4,23
1/21/2018,2,4,11
1/22/2018,2,4,15
1/23/2018,2,4,13
1/24/2018,2,4,14
1/25/2018,2,4,16
1/26/2018,2,4,18
1/27/2018,2,4,18
1/28/2018,2,4,11
1/29/2018,2,4,13
1/30/2018,2,4,16
1/31/2018,2,4,17
2/1/2018,2,4,22
2/2/2018,2,4,21
2/3/2018,2,4,29
2/4/2018,2,4,14
2/5/2018,2,4,9
2/6/2018,2,4,11
2/7/2018,2,4,20
2/8/2018,2,4,18
2/9/2018,2,4,15
2/10/2018,2,4,28
2/11/2018,2,4,19
2/12/2018,2,4,14
2/13/2018,2,4,18
2/14/2018,2,4,17
2/15/2018,2,4,17
2/16/2018,2,4,17
2/17/2018,2,4,23
2/18/2018,2,4,12
2/19/2018,2,4,13
2/20/2018,2,4,13
2/21/2018,2,4,19
2/22/2018,2,4,21
2/23/2018,2,4,15
2/24/2018,2,4,19
2/25/2018,2,4,11
2/26/2018,2,4,18
2/27/2018,2,4,15
2/28/2018,2,4,18
3/1/2018,2,4,24
3/2/2018,2,4,18
3/3/2018,2,4,26
3/4/2018,2,4,14
3/5/2018,2,4,20
3/6/2018,2,4,23
3/7/2018,2,4,23
3/8/2018,2,4,16
3/9/2018,2,4,29
3/10/2018,2,4,19
3/11/2018,2,4,18
3/12/2018,2,4,16
3/13/2018,2,4,20
3/14/2018,2,4,15
3/15/2018,2,4,17
3/16/2018,2,4,18
3/17/2018,2,4,20
3/18/2018,2,4,24
3/19/2018,2,4,35
3/20/2018,2,4,26
3/21/2018,2,4,24
3/22/2018,2,4,21
3/23/2018,2,4,20
3/24/2018,2,4,21
3/25/2018,2,4,20
3/26/2018,2,4,25
3/27/2018,2,4,11
3/28/2018,2,4,16
3/29/2018,2,4,22
3/30/2018,2,4,31
3/31/2018,2,4,23
4/1/2018,2,4,18
4/2/2018,2,4,33
4/3/2018,2,4,23
4/4/2018,2,4,21
4/5/2018,2,4,25
4/6/2018,2,4,25
4/7/2018,2,4,42
4/8/2018,2,4,16
4/9/2018,2,4,20
4/10/2018,2,4,24
4/11/2018,2,4,19
4/12/2018,2,4,35
4/13/2018,2,4,24
4/14/2018,2,4,29
4/15/2018,2,4,22
4/16/2018,2,4,29
4/17/2018,2,4,11
4/18/2018,2,4,16
4/19/2018,2,4,34
4/20/2018,2,4,38
4/21/2018,2,4,37
4/22/2018,2,4,21
4/23/2018,2,4,29
4/24/2018,2,4,29
4/25/2018,2,4,17
4/26/2018,2,4,26
4/27/2018,2,4,31
4/28/2018,2,4,28
4/29/2018,2,4,18
4/30/2018,2,4,17
5/1/2018,2,4,30
5/2/2018,2,4,24
5/3/2018,2,4,27
5/4/2018,2,4,29
5/5/2018,2,4,33
5/6/2018,2,4,18
5/7/2018,2,4,14
5/8/2018,2,4,25
5/9/2018,2,4,21
5/10/2018,2,4,26
5/11/2018,2,4,32
5/12/2018,2,4,25
5/13/2018,2,4,19
5/14/2018,2,4,32
5/15/2018,2,4,29
5/16/2018,2,4,25
5/17/2018,2,4,26
5/18/2018,2,4,21
5/19/2018,2,4,31
5/20/2018,2,4,17
5/21/2018,2,4,23
5/22/2018,2,4,29
5/23/2018,2,4,16
5/24/2018,2,4,24
5/25/2018,2,4,31
5/26/2018,2,4,24
5/27/2018,2,4,27
5/28/2018,2,4,31
5/29/2018,2,4,26
5/30/2018,2,4,25
5/31/2018,2,4,23
6/1/2018,2,4,38
6/2/2018,2,4,33
6/3/2018,2,4,20
6/4/2018,2,4,30
6/5/2018,2,4,32
6/6/2018,2,4,34
6/7/2018,2,4,32
6/8/2018,2,4,32
6/9/2018,2,4,33
6/10/2018,2,4,36
6/11/2018,2,4,33
6/12/2018,2,4,25
6/13/2018,2,4,31
6/14/2018,2,4,25
6/15/2018,2,4,30
6/16/2018,2,4,24
6/17/2018,2,4,19
6/18/2018,2,4,25
6/19/2018,2,4,17
6/20/2018,2,4,34
6/21/2018,2,4,31
6/22/2018,2,4,30
6/23/2018,2,4,34
6/24/2018,2,4,29
6/25/2018,2,4,29
6/26/2018,2,4,31
6/27/2018,2,4,18
6/28/2018,2,4,27
6/29/2018,2,4,39
6/30/2018,2,4,35
7/1/2018,2,4,21
7/2/2018,2,4,33
7/3/2018,2,4,24
7/4/2018,2,4,30
7/5/2018,2,4,29
7/6/2018,2,4,26
7/7/2018,2,4,40
7/8/2018,2,4,21
7/9/2018,2,4,32
7/10/2018,2,4,27
7/11/2018,2,4,25
7/12/2018,2,4,43
7/13/2018,2,4,36
7/14/2018,2,4,40
7/15/2018,2,4,31
7/16/2018,2,4,31
7/17/2018,2,4,29
7/18/2018,2,4,24
7/19/2018,2,4,27
7/20/2018,2,4,35
7/21/2018,2,4,38
7/22/2018,2,4,23
7/23/2018,2,4,25
7/24/2018,2,4,25
7/25/2018,2,4,22
7/26/2018,2,4,34
7/27/2018,2,4,32
7/28/2018,2,4,28
7/29/2018,2,4,29
7/30/2018,2,4,30
7/31/2018,2,4,34
8/1/2018,2,4,29
8/2/2018,2,4,24
8/3/2018,2,4,29
8/4/2018,2,4,36
8/5/2018,2,4,22
8/6/2018,2,4,21
8/7/2018,2,4,26
8/8/2018,2,4,25
8/9/2018,2,4,26
8/10/2018,2,4,36
8/11/2018,2,4,37
8/12/2018,2,4,21
8/13/2018,2,4,28
8/14/2018,2,4,26
8/15/2018,2,4,37
8/16/2018,2,4,30
8/17/2018,2,4,36
8/18/2018,2,4,29
8/19/2018,2,4,22
8/20/2018,2,4,21
8/21/2018,2,4,23
8/22/2018,2,4,22
8/23/2018,2,4,31
8/24/2018,2,4,28
8/25/2018,2,4,38
8/26/2018,2,4,20
8/27/2018,2,4,23
8/28/2018,2,4,26
8/29/2018,2,4,32
8/30/2018,2,4,40
8/31/2018,2,4,26
9/1/2018,2,4,29
9/2/2018,2,4,23
9/3/2018,2,4,28
9/4/2018,2,4,23
9/5/2018,2,4,28
9/6/2018,2,4,36
9/7/2018,2,4,24
9/8/2018,2,4,37
9/9/2018,2,4,19
9/10/2018,2,4,28
9/11/2018,2,4,29
9/12/2018,2,4,26
9/13/2018,2,4,28
9/14/2018,2,4,23
9/15/2018,2,4,26
9/16/2018,2,4,18
9/17/2018,2,4,19
9/18/2018,2,4,21
9/19/2018,2,4,24
9/20/2018,2,4,21
9/21/2018,2,4,32
9/22/2018,2,4,25
9/23/2018,2,4,17
9/24/2018,2,4,18
9/25/2018,2,4,28
9/26/2018,2,4,31
9/27/2018,2,4,23
9/28/2018,2,4,31
9/29/2018,2,4,30
9/30/2018,2,4,21
10/1/2018,2,4,23
10/2/2018,2,4,25
10/3/2018,2,4,13
10/4/2018,2,4,29
10/5/2018,2,4,40
10/6/2018,2,4,33
10/7/2018,2,4,27
10/8/2018,2,4,27
10/9/2018,2,4,25
10/10/2018,2,4,25
10/11/2018,2,4,27
10/12/2018,2,4,20
10/13/2018,2,4,23
10/14/2018,2,4,20
10/15/2018,2,4,22
10/16/2018,2,4,22
10/17/2018,2,4,22
10/18/2018,2,4,23
10/19/2018,2,4,17
10/20/2018,2,4,26
10/21/2018,2,4,12
10/22/2018,2,4,18
10/23/2018,2,4,18
10/24/2018,2,4,19
10/25/2018,2,4,20
10/26/2018,2,4,18
10/27/2018,2,4,35
10/28/2018,2,4,17
10/29/2018,2,4,20
10/30/2018,2,4,21
10/31/2018,2,4,26
11/1/2018,2,4,34
11/2/2018,2,4,27
11/3/2018,2,4,22
11/4/2018,2,4,17
11/5/2018,2,4,20
11/6/2018,2,4,13
11/7/2018,2,4,32
11/8/2018,2,4,26
11/9/2018,2,4,30
11/10/2018,2,4,32
11/11/2018,2,4,17
11/12/2018,2,4,21
11/13/2018,2,4,25
11/14/2018,2,4,21
11/15/2018,2,4,28
11/16/2018,2,4,29
11/17/2018,2,4,28
11/18/2018,2,4,21
11/19/2018,2,4,27
11/20/2018,2,4,27
11/21/2018,2,4,25
11/22/2018,2,4,24
11/23/2018,2,4,29
11/24/2018,2,4,38
11/25/2018,2,4,25
11/26/2018,2,4,18
11/27/2018,2,4,24
11/28/2018,2,4,19
11/29/2018,2,4,26
11/30/2018,2,4,30
12/1/2018,2,4,16
12/2/2018,2,4,19
12/3/2018,2,4,14
12/4/2018,2,4,15
12/5/2018,2,4,29
12/6/2018,2,4,19
12/7/2018,2,4,19
12/8/2018,2,4,21
12/9/2018,2,4,8
12/10/2018,2,4,12
12/11/2018,2,4,19
12/12/2018,2,4,10
12/13/2018,2,4,14
12/14/2018,2,4,21
12/15/2018,2,4,20
12/16/2018,2,4,15
12/17/2018,2,4,15
12/18/2018,2,4,10
12/19/2018,2,4,15
12/20/2018,2,4,15
12/21/2018,2,4,22
12/22/2018,2,4,26
12/23/2018,2,4,14
12/24/2018,2,4,12
12/25/2018,2,4,20
12/26/2018,2,4,16
12/27/2018,2,4,23
12/28/2018,2,4,16
12/29/2018,2,4,24
12/30/2018,2,4,8
12/31/2018,2,4,20
1/1/2019,2,4,14
1/2/2019,2,4,19
1/3/2019,2,4,14
1/4/2019,2,4,18
1/5/2019,2,4,17
1/6/2019,2,4,13
1/7/2019,2,4,16
1/8/2019,2,4,12
1/9/2019,2,4,17
1/10/2019,2,4,20
1/11/2019,2,4,23
1/12/2019,2,4,18
1/13/2019,2,4,12
1/14/2019,2,4,12
1/15/2019,2,4,16
1/16/2019,2,4,14
1/17/2019,2,4,22
1/18/2019,2,4,22
1/19/2019,2,4,14
1/20/2019,2,4,14
1/21/2019,2,4,20
1/22/2019,2,4,23
1/23/2019,2,4,21
1/24/2019,2,4,16
1/25/2019,2,4,16
1/26/2019,2,4,17
1/27/2019,2,4,8
1/28/2019,2,4,23
1/29/2019,2,4,23
1/30/2019,2,4,20
1/31/2019,2,4,24
2/1/2019,2,4,16
2/2/2019,2,4,23
2/3/2019,2,4,15
2/4/2019,2,4,19
2/5/2019,2,4,13
2/6/2019,2,4,18
2/7/2019,2,4,29
2/8/2019,2,4,26
2/9/2019,2,4,21
2/10/2019,2,4,15
2/11/2019,2,4,13
2/12/2019,2,4,24
2/13/2019,2,4,15
2/14/2019,2,4,17
2/15/2019,2,4,25
2/16/2019,2,4,29
2/17/2019,2,4,11
2/18/2019,2,4,15
2/19/2019,2,4,21
2/20/2019,2,4,22
2/21/2019,2,4,20
2/22/2019,2,4,16
2/23/2019,2,4,31
2/24/2019,2,4,20
2/25/2019,2,4,15
2/26/2019,2,4,24
2/27/2019,2,4,18
2/28/2019,2,4,18
3/1/2019,2,4,24
3/2/2019,2,4,24
3/3/2019,2,4,23
3/4/2019,2,4,20
3/5/2019,2,4,26
3/6/2019,2,4,28
3/7/2019,2,4,31
3/8/2019,2,4,24
3/9/2019,2,4,17
3/10/2019,2,4,19
3/11/2019,2,4,20
3/12/2019,2,4,17
3/13/2019,2,4,22
3/14/2019,2,4,27
3/15/2019,2,4,18
3/16/2019,2,4,35
3/17/2019,2,4,26
3/18/2019,2,4,23
3/19/2019,2,4,29
3/20/2019,2,4,27
3/21/2019,2,4,22
3/22/2019,2,4,23
3/23/2019,2,4,39
3/24/2019,2,4,18
3/25/2019,2,4,20
3/26/2019,2,4,24
3/27/2019,2,4,20
3/28/2019,2,4,25
3/29/2019,2,4,22
3/30/2019,2,4,22
3/31/2019,2,4,23
4/1/2019,2,4,25
4/2/2019,2,4,17
4/3/2019,2,4,35
4/4/2019,2,4,26
4/5/2019,2,4,25
4/6/2019,2,4,41
4/7/2019,2,4,24
4/8/2019,2,4,34
4/9/2019,2,4,33
4/10/2019,2,4,24
4/11/2019,2,4,28
4/12/2019,2,4,35
4/13/2019,2,4,33
4/14/2019,2,4,26
4/15/2019,2,4,31
4/16/2019,2,4,24
4/17/2019,2,4,20
4/18/2019,2,4,29
4/19/2019,2,4,29
4/20/2019,2,4,36
4/21/2019,2,4,21
4/22/2019,2,4,19
4/23/2019,2,4,26
4/24/2019,2,4,32
4/25/2019,2,4,32
4/26/2019,2,4,30
4/27/2019,2,4,51
4/28/2019,2,4,32
4/29/2019,2,4,33
4/30/2019,2,4,25
5/1/2019,2,4,36
5/2/2019,2,4,35
5/3/2019,2,4,31
5/4/2019,2,4,33
5/5/2019,2,4,17
5/6/2019,2,4,24
5/7/2019,2,4,28
5/8/2019,2,4,33
5/9/2019,2,4,28
5/10/2019,2,4,43
5/11/2019,2,4,34
5/12/2019,2,4,28
5/13/2019,2,4,30
5/14/2019,2,4,29
5/15/2019,2,4,25
5/16/2019,2,4,34
5/17/2019,2,4,36
5/18/2019,2,4,37
5/19/2019,2,4,30
5/20/2019,2,4,27
5/21/2019,2,4,28
5/22/2019,2,4,36
5/23/2019,2,4,33
5/24/2019,2,4,33
5/25/2019,2,4,41
5/26/2019,2,4,22
5/27/2019,2,4,23
5/28/2019,2,4,29
5/29/2019,2,4,35
5/30/2019,2,4,29
5/31/2019,2,4,27
6/1/2019,2,4,52
6/2/2019,2,4,20
6/3/2019,2,4,30
6/4/2019,2,4,29
6/5/2019,2,4,29
6/6/2019,2,4,46
6/7/2019,2,4,26
6/8/2019,2,4,34
6/9/2019,2,4,27
6/10/2019,2,4,33
6/11/2019,2,4,35
6/12/2019,2,4,37
6/13/2019,2,4,25
6/14/2019,2,4,30
6/15/2019,2,4,44
6/16/2019,2,4,33
6/17/2019,2,4,41
6/18/2019,2,4,33
6/19/2019,2,4,31
6/20/2019,2,4,39
6/21/2019,2,4,40
6/22/2019,2,4,41
6/23/2019,2,4,28
6/24/2019,2,4,27
6/25/2019,2,4,31
6/26/2019,2,4,45
6/27/2019,2,4,29
6/28/2019,2,4,40
6/29/2019,2,4,36
6/30/2019,2,4,31
7/1/2019,2,4,45
7/2/2019,2,4,32
7/3/2019,2,4,36
7/4/2019,2,4,27
7/5/2019,2,4,42
7/6/2019,2,4,44
7/7/2019,2,4,20
7/8/2019,2,4,31
7/9/2019,2,4,38
7/10/2019,2,4,32
7/11/2019,2,4,32
7/12/2019,2,4,29
7/13/2019,2,4,42
7/14/2019,2,4,37
7/15/2019,2,4,37
7/16/2019,2,4,32
7/17/2019,2,4,43
7/18/2019,2,4,46
7/19/2019,2,4,39
7/20/2019,2,4,39
7/21/2019,2,4,33
7/22/2019,2,4,21
7/23/2019,2,4,38
7/24/2019,2,4,36
7/25/2019,2,4,36
7/26/2019,2,4,41
7/27/2019,2,4,47
7/28/2019,2,4,19
7/29/2019,2,4,30
7/30/2019,2,4,20
7/31/2019,2,4,35
8/1/2019,2,4,29
8/2/2019,2,4,43
8/3/2019,2,4,37
8/4/2019,2,4,25
8/5/2019,2,4,27
8/6/2019,2,4,36
8/7/2019,2,4,36
8/8/2019,2,4,26
8/9/2019,2,4,39
8/10/2019,2,4,34
8/11/2019,2,4,27
8/12/2019,2,4,30
8/13/2019,2,4,33
8/14/2019,2,4,28
8/15/2019,2,4,20
8/16/2019,2,4,29
8/17/2019,2,4,45
8/18/2019,2,4,25
8/19/2019,2,4,26
8/20/2019,2,4,25
8/21/2019,2,4,29
8/22/2019,2,4,27
8/23/2019,2,4,30
8/24/2019,2,4,36
8/25/2019,2,4,30
8/26/2019,2,4,24
8/27/2019,2,4,29
8/28/2019,2,4,24
8/29/2019,2,4,29
8/30/2019,2,4,40
8/31/2019,2,4,37
9/1/2019,2,4,22
9/2/2019,2,4,29
9/3/2019,2,4,24
9/4/2019,2,4,17
9/5/2019,2,4,32
9/6/2019,2,4,34
9/7/2019,2,4,33
9/8/2019,2,4,27
9/9/2019,2,4,24
9/10/2019,2,4,27
9/11/2019,2,4,26
9/12/2019,2,4,27
9/13/2019,2,4,31
9/14/2019,2,4,32
9/15/2019,2,4,20
9/16/2019,2,4,25
9/17/2019,2,4,28
9/18/2019,2,4,41
9/19/2019,2,4,29
9/20/2019,2,4,23
9/21/2019,2,4,32
9/22/2019,2,4,25
9/23/2019,2,4,25
9/24/2019,2,4,26
9/25/2019,2,4,31
9/26/2019,2,4,25
9/27/2019,2,4,31
9/28/2019,2,4,30
9/29/2019,2,4,31
9/30/2019,2,4,26
10/1/2019,2,4,30
10/2/2019,2,4,22
10/3/2019,2,4,27
10/4/2019,2,4,29
10/5/2019,2,4,34
10/6/2019,2,4,20
10/7/2019,2,4,22
10/8/2019,2,4,30
10/9/2019,2,4,21
10/10/2019,2,4,29
10/11/2019,2,4,23
10/12/2019,2,4,27
10/13/2019,2,4,17
10/14/2019,2,4,30
10/15/2019,2,4,27
10/16/2019,2,4,27
10/17/2019,2,4,33
10/18/2019,2,4,23
10/19/2019,2,4,33
10/20/2019,2,4,22
10/21/2019,2,4,29
10/22/2019,2,4,28
10/23/2019,2,4,25
10/24/2019,2,4,18
10/25/2019,2,4,34
10/26/2019,2,4,28
10/27/2019,2,4,14
10/28/2019,2,4,29
10/29/2019,2,4,28
10/30/2019,2,4,21
10/31/2019,2,4,23
11/1/2019,2,4,20
11/2/2019,2,4,36
11/3/2019,2,4,22
11/4/2019,2,4,32
11/5/2019,2,4,43
11/6/2019,2,4,31
11/7/2019,2,4,32
11/8/2019,2,4,26
11/9/2019,2,4,42
11/10/2019,2,4,17
11/11/2019,2,4,21
11/12/2019,2,4,24
11/13/2019,2,4,28
11/14/2019,2,4,27
11/15/2019,2,4,28
11/16/2019,2,4,27
11/17/2019,2,4,24
11/18/2019,2,4,22
11/19/2019,2,4,25
11/20/2019,2,4,37
11/21/2019,2,4,32
11/22/2019,2,4,30
11/23/2019,2,4,41
11/24/2019,2,4,22
11/25/2019,2,4,19
11/26/2019,2,4,25
11/27/2019,2,4,31
11/28/2019,2,4,28
11/29/2019,2,4,16
11/30/2019,2,4,26
12/1/2019,2,4,15
12/2/2019,2,4,22
12/3/2019,2,4,19
12/4/2019,2,4,20
12/5/2019,2,4,30
12/6/2019,2,4,21
12/7/2019,2,4,22
12/8/2019,2,4,17
12/9/2019,2,4,15
12/10/2019,2,4,27
12/11/2019,2,4,18
12/12/2019,2,4,24
12/13/2019,2,4,20
12/14/2019,2,4,26
12/15/2019,2,4,16
12/16/2019,2,4,28
12/17/2019,2,4,19
12/18/2019,2,4,17
12/19/2019,2,4,13
12/20/2019,2,4,22
12/21/2019,2,4,30
12/22/2019,2,4,20
12/23/2019,2,4,21
12/24/2019,2,4,18
12/25/2019,2,4,15
12/26/2019,2,4,15
12/27/2019,2,4,19
12/28/2019,2,4,18
12/29/2019,2,4,20
12/30/2019,2,4,18
12/31/2019,2,4,14
1/1/2020,2,4,23
1/2/2020,2,4,21
1/3/2020,2,4,20
1/4/2020,2,4,21
1/5/2020,2,4,13
1/6/2020,2,4,13
1/7/2020,2,4,22
1/8/2020,2,4,18
1/9/2020,2,4,19
1/10/2020,2,4,25
1/11/2020,2,4,21
1/12/2020,2,4,18
1/13/2020,2,4,15
1/14/2020,2,4,13
1/15/2020,2,4,18
1/16/2020,2,4,20
1/17/2020,2,4,17
1/18/2020,2,4,28
1/19/2020,2,4,16
1/20/2020,2,4,8
1/21/2020,2,4,13
1/22/2020,2,4,22
1/23/2020,2,4,22
1/24/2020,2,4,18
1/25/2020,2,4,28
1/26/2020,2,4,15
1/27/2020,2,4,14
1/28/2020,2,4,15
1/29/2020,2,4,21
1/30/2020,2,4,16
1/31/2020,2,4,22
2/1/2020,2,4,25
2/2/2020,2,4,21
2/3/2020,2,4,20
2/4/2020,2,4,14
2/5/2020,2,4,20
2/6/2020,2,4,24
2/7/2020,2,4,26
2/8/2020,2,4,27
2/9/2020,2,4,15
2/10/2020,2,4,20
2/11/2020,2,4,17
2/12/2020,2,4,18
2/13/2020,2,4,23
2/14/2020,2,4,31
2/15/2020,2,4,28
2/16/2020,2,4,17
2/17/2020,2,4,21
2/18/2020,2,4,16
2/19/2020,2,4,21
2/20/2020,2,4,14
2/21/2020,2,4,24
2/22/2020,2,4,24
2/23/2020,2,4,22
2/24/2020,2,4,14
2/25/2020,2,4,26
2/26/2020,2,4,12
2/27/2020,2,4,20
2/28/2020,2,4,14
3/1/2020,2,4,30
3/2/2020,2,4,13
3/3/2020,2,4,19
3/4/2020,2,4,22
3/5/2020,2,4,30
3/6/2020,2,4,26
3/7/2020,2,4,34
3/8/2020,2,4,28
3/9/2020,2,4,17
3/10/2020,2,4,26
3/11/2020,2,4,27
3/12/2020,2,4,32
3/13/2020,2,4,27
3/14/2020,2,4,26
3/15/2020,2,4,24
3/16/2020,2,4,17
3/17/2020,2,4,20
3/18/2020,2,4,13
3/19/2020,2,4,23
3/20/2020,2,4,27
3/21/2020,2,4,31
3/22/2020,2,4,27
3/23/2020,2,4,15
3/24/2020,2,4,38
3/25/2020,2,4,17
3/26/2020,2,4,24
3/27/2020,2,4,27
3/28/2020,2,4,21
3/29/2020,2,4,26
3/30/2020,2,4,20
3/31/2020,2,4,30
4/1/2020,2,4,32
4/2/2020,2,4,29
4/3/2020,2,4,33
4/4/2020,2,4,46
4/5/2020,2,4,31
4/6/2020,2,4,22
4/7/2020,2,4,30
4/8/2020,2,4,21
4/9/2020,2,4,36
4/10/2020,2,4,35
4/11/2020,2,4,37
4/12/2020,2,4,34
4/13/2020,2,4,32
4/14/2020,2,4,25
4/15/2020,2,4,27
4/16/2020,2,4,31
4/17/2020,2,4,32
4/18/2020,2,4,36
4/19/2020,2,4,41
4/20/2020,2,4,18
4/21/2020,2,4,27
4/22/2020,2,4,26
4/23/2020,2,4,36
4/24/2020,2,4,38
4/25/2020,2,4,44
4/26/2020,2,4,30
4/27/2020,2,4,26
4/28/2020,2,4,33
4/29/2020,2,4,35
4/30/2020,2,4,29
5/1/2020,2,4,22
5/2/2020,2,4,33
5/3/2020,2,4,36
5/4/2020,2,4,28
5/5/2020,2,4,35
5/6/2020,2,4,30
5/7/2020,2,4,48
5/8/2020,2,4,38
5/9/2020,2,4,37
5/10/2020,2,4,45
5/11/2020,2,4,28
5/12/2020,2,4,38
5/13/2020,2,4,33
5/14/2020,2,4,33
5/15/2020,2,4,56
5/16/2020,2,4,43
5/17/2020,2,4,38
5/18/2020,2,4,24
5/19/2020,2,4,24
5/20/2020,2,4,26
5/21/2020,2,4,33
5/22/2020,2,4,32
5/23/2020,2,4,37
5/24/2020,2,4,33
5/25/2020,2,4,30
5/26/2020,2,4,25
5/27/2020,2,4,27
5/28/2020,2,4,27
5/29/2020,2,4,28
5/30/2020,2,4,30
5/31/2020,2,4,39
6/1/2020,2,4,32
6/2/2020,2,4,28
6/3/2020,2,4,30
6/4/2020,2,4,35
6/5/2020,2,4,43
6/6/2020,2,4,38
6/7/2020,2,4,41
6/8/2020,2,4,29
6/9/2020,2,4,28
6/10/2020,2,4,34
6/11/2020,2,4,22
6/12/2020,2,4,44
6/13/2020,2,4,33
6/14/2020,2,4,43
6/15/2020,2,4,35
6/16/2020,2,4,45
6/17/2020,2,4,29
6/18/2020,2,4,45
6/19/2020,2,4,32
6/20/2020,2,4,35
6/21/2020,2,4,34
6/22/2020,2,4,27
6/23/2020,2,4,27
6/24/2020,2,4,34
6/25/2020,2,4,47
6/26/2020,2,4,36
6/27/2020,2,4,51
6/28/2020,2,4,35
6/29/2020,2,4,37
6/30/2020,2,4,31
7/1/2020,2,4,27
7/2/2020,2,4,33
7/3/2020,2,4,36
7/4/2020,2,4,41
7/5/2020,2,4,37
7/6/2020,2,4,24
7/7/2020,2,4,27
7/8/2020,2,4,31
7/9/2020,2,4,39
7/10/2020,2,4,46
7/11/2020,2,4,29
7/12/2020,2,4,46
7/13/2020,2,4,33
7/14/2020,2,4,34
7/15/2020,2,4,29
7/16/2020,2,4,44
7/17/2020,2,4,36
7/18/2020,2,4,40
7/19/2020,2,4,59
7/20/2020,2,4,21
7/21/2020,2,4,27
7/22/2020,2,4,41
7/23/2020,2,4,45
7/24/2020,2,4,35
7/25/2020,2,4,40
7/26/2020,2,4,39
7/27/2020,2,4,30
7/28/2020,2,4,34
7/29/2020,2,4,27
7/30/2020,2,4,40
7/31/2020,2,4,35
8/1/2020,2,4,33
8/2/2020,2,4,41
8/3/2020,2,4,36
8/4/2020,2,4,22
8/5/2020,2,4,30
8/6/2020,2,4,33
8/7/2020,2,4,29
8/8/2020,2,4,33
8/9/2020,2,4,45
8/10/2020,2,4,21
8/11/2020,2,4,25
8/12/2020,2,4,25
8/13/2020,2,4,29
8/14/2020,2,4,41
8/15/2020,2,4,38
8/16/2020,2,4,44
8/17/2020,2,4,25
8/18/2020,2,4,40
8/19/2020,2,4,31
8/20/2020,2,4,32
8/21/2020,2,4,27
8/22/2020,2,4,28
8/23/2020,2,4,41
8/24/2020,2,4,23
8/25/2020,2,4,32
8/26/2020,2,4,22
8/27/2020,2,4,29
8/28/2020,2,4,39
8/29/2020,2,4,35
8/30/2020,2,4,33
8/31/2020,2,4,21
9/1/2020,2,4,30
9/2/2020,2,4,27
9/3/2020,2,4,30
9/4/2020,2,4,36
9/5/2020,2,4,32
9/6/2020,2,4,41
9/7/2020,2,4,27
9/8/2020,2,4,27
9/9/2020,2,4,28
9/10/2020,2,4,24
9/11/2020,2,4,33
9/12/2020,2,4,33
9/13/2020,2,4,36
9/14/2020,2,4,14
9/15/2020,2,4,26
9/16/2020,2,4,24
9/17/2020,2,4,24
9/18/2020,2,4,37
9/19/2020,2,4,33
9/20/2020,2,4,44
9/21/2020,2,4,28
9/22/2020,2,4,36
9/23/2020,2,4,26
9/24/2020,2,4,23
9/25/2020,2,4,29
9/26/2020,2,4,33
9/27/2020,2,4,34
9/28/2020,2,4,17
9/29/2020,2,4,22
9/30/2020,2,4,35
10/1/2020,2,4,30
10/2/2020,2,4,32
10/3/2020,2,4,34
10/4/2020,2,4,27
10/5/2020,2,4,28
10/6/2020,2,4,22
10/7/2020,2,4,26
10/8/2020,2,4,34
10/9/2020,2,4,26
10/10/2020,2,4,38
10/11/2020,2,4,37
10/12/2020,2,4,38
10/13/2020,2,4,27
10/14/2020,2,4,18
10/15/2020,2,4,29
10/16/2020,2,4,26
10/17/2020,2,4,34
10/18/2020,2,4,27
10/19/2020,2,4,19
10/20/2020,2,4,28
10/21/2020,2,4,29
10/22/2020,2,4,24
10/23/2020,2,4,37
10/24/2020,2,4,29
10/25/2020,2,4,30
10/26/2020,2,4,18
10/27/2020,2,4,32
10/28/2020,2,4,28
10/29/2020,2,4,23
10/30/2020,2,4,21
10/31/2020,2,4,33
11/1/2020,2,4,33
11/2/2020,2,4,24
11/3/2020,2,4,25
11/4/2020,2,4,32
11/5/2020,2,4,30
11/6/2020,2,4,36
11/7/2020,2,4,42
11/8/2020,2,4,37
11/9/2020,2,4,11
11/10/2020,2,4,21
11/11/2020,2,4,33
11/12/2020,2,4,32
11/13/2020,2,4,26
11/14/2020,2,4,33
11/15/2020,2,4,29
11/16/2020,2,4,18
11/17/2020,2,4,25
11/18/2020,2,4,25
11/19/2020,2,4,29
11/20/2020,2,4,41
11/21/2020,2,4,32
11/22/2020,2,4,37
11/23/2020,2,4,27
11/24/2020,2,4,33
11/25/2020,2,4,25
11/26/2020,2,4,42
11/27/2020,2,4,24
11/28/2020,2,4,28
11/29/2020,2,4,38
11/30/2020,2,4,19
12/1/2020,2,4,20
12/2/2020,2,4,25
12/3/2020,2,4,21
12/4/2020,2,4,18
12/5/2020,2,4,32
12/6/2020,2,4,18
12/7/2020,2,4,16
12/8/2020,2,4,29
12/9/2020,2,4,24
12/10/2020,2,4,21
12/11/2020,2,4,20
12/12/2020,2,4,25
12/13/2020,2,4,21
12/14/2020,2,4,14
12/15/2020,2,4,23
12/16/2020,2,4,7
12/17/2020,2,4,23
12/18/2020,2,4,28
12/19/2020,2,4,22
12/20/2020,2,4,23
12/21/2020,2,4,19
12/22/2020,2,4,17
12/23/2020,2,4,21
12/24/2020,2,4,20
12/25/2020,2,4,18
12/26/2020,2,4,21
12/27/2020,2,4,30
12/28/2020,2,4,14
12/29/2020,2,4,22
12/30/2020,2,4,25
12/31/2020,2,4,16
1/1/2021,2,4,18
1/2/2021,2,4,24
1/3/2021,2,4,21
1/4/2021,2,4,14
1/5/2021,2,4,11
1/6/2021,2,4,23
1/7/2021,2,4,16
1/8/2021,2,4,21
1/9/2021,2,4,32
1/10/2021,2,4,19
1/11/2021,2,4,24
1/12/2021,2,4,20
1/13/2021,2,4,24
1/14/2021,2,4,22
1/15/2021,2,4,20
1/16/2021,2,4,30
1/17/2021,2,4,24
1/18/2021,2,4,10
1/19/2021,2,4,20
1/20/2021,2,4,26
1/21/2021,2,4,22
1/22/2021,2,4,23
1/23/2021,2,4,24
1/24/2021,2,4,20
1/25/2021,2,4,18
1/26/2021,2,4,22
1/27/2021,2,4,23
1/28/2021,2,4,20
1/29/2021,2,4,28
1/30/2021,2,4,26
1/31/2021,2,4,19
2/1/2021,2,4,19
2/2/2021,2,4,29
2/3/2021,2,4,28
2/4/2021,2,4,25
2/5/2021,2,4,27
2/6/2021,2,4,25
2/7/2021,2,4,25
2/8/2021,2,4,14
2/9/2021,2,4,28
2/10/2021,2,4,29
2/11/2021,2,4,20
2/12/2021,2,4,25
2/13/2021,2,4,25
2/14/2021,2,4,27
2/15/2021,2,4,19
2/16/2021,2,4,15
2/17/2021,2,4,21
2/18/2021,2,4,25
2/19/2021,2,4,26
2/20/2021,2,4,28
2/21/2021,2,4,40
2/22/2021,2,4,24
2/23/2021,2,4,25
2/24/2021,2,4,12
2/25/2021,2,4,20
2/26/2021,2,4,25
2/27/2021,2,4,33
2/28/2021,2,4,29
2/29/2021,2,4,19
3/1/2021,2,4,21
3/2/2021,2,4,23
3/3/2021,2,4,24
3/4/2021,2,4,31
3/5/2021,2,4,40
3/6/2021,2,4,26
3/7/2021,2,4,25
3/8/2021,2,4,26
3/9/2021,2,4,20
3/10/2021,2,4,35
3/11/2021,2,4,26
3/12/2021,2,4,38
3/13/2021,2,4,27
3/14/2021,2,4,25
3/15/2021,2,4,25
3/16/2021,2,4,25
3/17/2021,2,4,26
3/18/2021,2,4,26
3/19/2021,2,4,28
3/20/2021,2,4,29
3/21/2021,2,4,24
3/22/2021,2,4,30
3/23/2021,2,4,31
3/24/2021,2,4,19
3/25/2021,2,4,30
3/26/2021,2,4,31
3/27/2021,2,4,34
3/28/2021,2,4,29
3/29/2021,2,4,23
3/30/2021,2,4,26
3/31/2021,2,4,20
4/1/2021,2,4,34
4/2/2021,2,4,44
4/3/2021,2,4,46
4/4/2021,2,4,29
4/5/2021,2,4,40
4/6/2021,2,4,23
4/7/2021,2,4,28
4/8/2021,2,4,30
4/9/2021,2,4,36
4/10/2021,2,4,31
4/11/2021,2,4,23
4/12/2021,2,4,39
4/13/2021,2,4,23
4/14/2021,2,4,34
4/15/2021,2,4,33
4/16/2021,2,4,34
4/17/2021,2,4,37
4/18/2021,2,4,29
4/19/2021,2,4,34
4/20/2021,2,4,25
4/21/2021,2,4,29
4/22/2021,2,4,27
4/23/2021,2,4,32
4/24/2021,2,4,37
4/25/2021,2,4,25
4/26/2021,2,4,29
4/27/2021,2,4,18
4/28/2021,2,4,30
4/29/2021,2,4,37
4/30/2021,2,4,40
5/1/2021,2,4,56
5/2/2021,2,4,29
5/3/2021,2,4,22
5/4/2021,2,4,31
5/5/2021,2,4,44
5/6/2021,2,4,34
5/7/2021,2,4,29
5/8/2021,2,4,37
5/9/2021,2,4,26
5/10/2021,2,4,26
5/11/2021,2,4,26
5/12/2021,2,4,43
5/13/2021,2,4,37
5/14/2021,2,4,34
5/15/2021,2,4,48
5/16/2021,2,4,41
5/17/2021,2,4,30
5/18/2021,2,4,33
5/19/2021,2,4,33
5/20/2021,2,4,48
5/21/2021,2,4,36
5/22/2021,2,4,33
5/23/2021,2,4,26
5/24/2021,2,4,27
5/25/2021,2,4,28
5/26/2021,2,4,34
5/27/2021,2,4,37
5/28/2021,2,4,43
5/29/2021,2,4,36
5/30/2021,2,4,34
5/31/2021,2,4,31
6/1/2021,2,4,45
6/2/2021,2,4,40
6/3/2021,2,4,40
6/4/2021,2,4,37
6/5/2021,2,4,66
6/6/2021,2,4,30
6/7/2021,2,4,30
6/8/2021,2,4,32
6/9/2021,2,4,48
6/10/2021,2,4,52
6/11/2021,2,4,46
6/12/2021,2,4,48
6/13/2021,2,4,27
6/14/2021,2,4,27
6/15/2021,2,4,37
6/16/2021,2,4,34
6/17/2021,2,4,42
6/18/2021,2,4,29
6/19/2021,2,4,35
6/20/2021,2,4,33
6/21/2021,2,4,24
6/22/2021,2,4,33
6/23/2021,2,4,41
6/24/2021,2,4,49
6/25/2021,2,4,40
6/26/2021,2,4,33
6/27/2021,2,4,29
6/28/2021,2,4,38
6/29/2021,2,4,38
6/30/2021,2,4,32
7/1/2021,2,4,48
7/2/2021,2,4,53
7/3/2021,2,4,47
7/4/2021,2,4,29
7/5/2021,2,4,33
7/6/2021,2,4,27
7/7/2021,2,4,33
7/8/2021,2,4,42
7/9/2021,2,4,38
7/10/2021,2,4,48
7/11/2021,2,4,26
7/12/2021,2,4,37
7/13/2021,2,4,26
7/14/2021,2,4,38
7/15/2021,2,4,52
7/16/2021,2,4,36
7/17/2021,2,4,42
7/18/2021,2,4,32
7/19/2021,2,4,39
7/20/2021,2,4,47
7/21/2021,2,4,34
7/22/2021,2,4,42
7/23/2021,2,4,44
7/24/2021,2,4,38
7/25/2021,2,4,32
7/26/2021,2,4,40
7/27/2021,2,4,32
7/28/2021,2,4,36
7/29/2021,2,4,46
7/30/2021,2,4,36
7/31/2021,2,4,48
8/1/2021,2,4,29
8/2/2021,2,4,29
8/3/2021,2,4,29
8/4/2021,2,4,26
8/5/2021,2,4,28
8/6/2021,2,4,39
8/7/2021,2,4,43
8/8/2021,2,4,23
8/9/2021,2,4,33
8/10/2021,2,4,36
8/11/2021,2,4,34
8/12/2021,2,4,31
8/13/2021,2,4,37
8/14/2021,2,4,48
8/15/2021,2,4,38
8/16/2021,2,4,34
8/17/2021,2,4,25
8/18/2021,2,4,31
8/19/2021,2,4,52
8/20/2021,2,4,29
8/21/2021,2,4,38
8/22/2021,2,4,34
8/23/2021,2,4,26
8/24/2021,2,4,25
8/25/2021,2,4,35
8/26/2021,2,4,28
8/27/2021,2,4,33
8/28/2021,2,4,38
8/29/2021,2,4,32
8/30/2021,2,4,27
8/31/2021,2,4,34
9/1/2021,2,4,30
9/2/2021,2,4,34
9/3/2021,2,4,26
9/4/2021,2,4,26
9/5/2021,2,4,24
9/6/2021,2,4,30
9/7/2021,2,4,25
9/8/2021,2,4,29
9/9/2021,2,4,36
9/10/2021,2,4,47
9/11/2021,2,4,36
9/12/2021,2,4,17
9/13/2021,2,4,41
9/14/2021,2,4,33
9/15/2021,2,4,31
9/16/2021,2,4,39
9/17/2021,2,4,28
9/18/2021,2,4,51
9/19/2021,2,4,23
9/20/2021,2,4,32
9/21/2021,2,4,20
9/22/2021,2,4,31
9/23/2021,2,4,36
9/24/2021,2,4,39
9/25/2021,2,4,38
9/26/2021,2,4,18
9/27/2021,2,4,37
9/28/2021,2,4,36
9/29/2021,2,4,36
9/30/2021,2,4,32
10/1/2021,2,4,30
10/2/2021,2,4,34
10/3/2021,2,4,19
10/4/2021,2,4,26
10/5/2021,2,4,30
10/6/2021,2,4,32
10/7/2021,2,4,30
10/8/2021,2,4,38
10/9/2021,2,4,34
10/10/2021,2,4,23
10/11/2021,2,4,32
10/12/2021,2,4,21
10/13/2021,2,4,34
10/14/2021,2,4,28
10/15/2021,2,4,29
10/16/2021,2,4,38
10/17/2021,2,4,25
10/18/2021,2,4,26
10/19/2021,2,4,30
10/20/2021,2,4,27
10/21/2021,2,4,33
10/22/2021,2,4,33
10/23/2021,2,4,29
10/24/2021,2,4,26
10/25/2021,2,4,19
10/26/2021,2,4,28
10/27/2021,2,4,24
10/28/2021,2,4,35
10/29/2021,2,4,34
10/30/2021,2,4,31
10/31/2021,2,4,28
11/1/2021,2,4,28
11/2/2021,2,4,31
11/3/2021,2,4,36
11/4/2021,2,4,24
11/5/2021,2,4,37
11/6/2021,2,4,32
11/7/2021,2,4,29
11/8/2021,2,4,33
11/9/2021,2,4,38
11/10/2021,2,4,31
11/11/2021,2,4,38
11/12/2021,2,4,34
11/13/2021,2,4,46
11/14/2021,2,4,27
11/15/2021,2,4,29
11/16/2021,2,4,34
11/17/2021,2,4,34
11/18/2021,2,4,31
11/19/2021,2,4,34
11/20/2021,2,4,35
11/21/2021,2,4,22
11/22/2021,2,4,32
11/23/2021,2,4,30
11/24/2021,2,4,28
11/25/2021,2,4,30
11/26/2021,2,4,32
11/27/2021,2,4,47
11/28/2021,2,4,21
11/29/2021,2,4,35
11/30/2021,2,4,33
12/1/2021,2,4,21
12/2/2021,2,4,29
12/3/2021,2,4,14
12/4/2021,2,4,20
12/5/2021,2,4,20
12/6/2021,2,4,25
12/7/2021,2,4,23
12/8/2021,2,4,29
12/9/2021,2,4,19
12/10/2021,2,4,23
12/11/2021,2,4,21
12/12/2021,2,4,19
12/13/2021,2,4,27
12/14/2021,2,4,17
12/15/2021,2,4,25
12/16/2021,2,4,30
12/17/2021,2,4,29
12/18/2021,2,4,30
12/19/2021,2,4,15
12/20/2021,2,4,20
12/21/2021,2,4,16
12/22/2021,2,4,25
12/23/2021,2,4,23
12/24/2021,2,4,25
12/25/2021,2,4,37
12/26/2021,2,4,27
12/27/2021,2,4,17
12/28/2021,2,4,19
12/29/2021,2,4,19
12/30/2021,2,4,31
12/31/2021,2,4,26
1/1/2022,2,4,28
1/2/2022,2,4,19
1/3/2022,2,4,23
1/4/2022,2,4,13
1/5/2022,2,4,19
1/6/2022,2,4,24
1/7/2022,2,4,14
1/8/2022,2,4,26
1/9/2022,2,4,21
1/10/2022,2,4,25
1/11/2022,2,4,20
1/12/2022,2,4,14
1/13/2022,2,4,25
1/14/2022,2,4,26
1/15/2022,2,4,29
1/16/2022,2,4,14
1/17/2022,2,4,23
1/18/2022,2,4,19
1/19/2022,2,4,28
1/20/2022,2,4,23
1/21/2022,2,4,24
1/22/2022,2,4,25
1/23/2022,2,4,22
1/24/2022,2,4,23
1/25/2022,2,4,19
1/26/2022,2,4,27
1/27/2022,2,4,17
1/28/2022,2,4,21
1/29/2022,2,4,19
1/30/2022,2,4,17
1/31/2022,2,4,32
2/1/2022,2,4,19
2/2/2022,2,4,24
2/3/2022,2,4,24
2/4/2022,2,4,29
2/5/2022,2,4,29
2/6/2022,2,4,19
2/7/2022,2,4,15
2/8/2022,2,4,15
2/9/2022,2,4,21
2/10/2022,2,4,23
2/11/2022,2,4,30
2/12/2022,2,4,25
2/13/2022,2,4,27
2/14/2022,2,4,23
2/15/2022,2,4,24
2/16/2022,2,4,24
2/17/2022,2,4,25
2/18/2022,2,4,31
2/19/2022,2,4,26
2/20/2022,2,4,18
2/21/2022,2,4,24
2/22/2022,2,4,20
2/23/2022,2,4,27
2/24/2022,2,4,28
2/25/2022,2,4,34
2/26/2022,2,4,28
2/27/2022,2,4,21
2/28/2022,2,4,35
3/1/2022,2,4,19
3/2/2022,2,4,28
3/3/2022,2,4,33
3/4/2022,2,4,37
3/5/2022,2,4,37
3/6/2022,2,4,27
3/7/2022,2,4,25
3/8/2022,2,4,33
3/9/2022,2,4,16
3/10/2022,2,4,29
3/11/2022,2,4,34
3/12/2022,2,4,36
3/13/2022,2,4,30
3/14/2022,2,4,32
3/15/2022,2,4,21
3/16/2022,2,4,27
3/17/2022,2,4,23
3/18/2022,2,4,35
3/19/2022,2,4,41
3/20/2022,2,4,31
3/21/2022,2,4,26
3/22/2022,2,4,30
3/23/2022,2,4,24
3/24/2022,2,4,26
3/25/2022,2,4,34
3/26/2022,2,4,37
3/27/2022,2,4,16
3/28/2022,2,4,22
3/29/2022,2,4,26
3/30/2022,2,4,29
3/31/2022,2,4,25
4/1/2022,2,4,33
4/2/2022,2,4,42
4/3/2022,2,4,32
4/4/2022,2,4,20
4/5/2022,2,4,34
4/6/2022,2,4,25
4/7/2022,2,4,33
4/8/2022,2,4,42
4/9/2022,2,4,44
4/10/2022,2,4,30
4/11/2022,2,4,34
4/12/2022,2,4,35
4/13/2022,2,4,19
4/14/2022,2,4,29
4/15/2022,2,4,44
4/16/2022,2,4,37
4/17/2022,2,4,26
4/18/2022,2,4,33
4/19/2022,2,4,43
4/20/2022,2,4,25
4/21/2022,2,4,37
4/22/2022,2,4,39
4/23/2022,2,4,39
4/24/2022,2,4,23
4/25/2022,2,4,30
4/26/2022,2,4,24
4/27/2022,2,4,38
4/28/2022,2,4,35
4/29/2022,2,4,49
4/30/2022,2,4,47
5/1/2022,2,4,22
5/2/2022,2,4,41
5/3/2022,2,4,33
5/4/2022,2,4,31
5/5/2022,2,4,38
5/6/2022,2,4,39
5/7/2022,2,4,41
5/8/2022,2,4,27
5/9/2022,2,4,37
5/10/2022,2,4,38
5/11/2022,2,4,32
5/12/2022,2,4,45
5/13/2022,2,4,40
5/14/2022,2,4,38
5/15/2022,2,4,26
5/16/2022,2,4,36
5/17/2022,2,4,37
5/18/2022,2,4,42
5/19/2022,2,4,35
5/20/2022,2,4,47
5/21/2022,2,4,46
5/22/2022,2,4,22
5/23/2022,2,4,36
5/24/2022,2,4,29
5/25/2022,2,4,34
5/26/2022,2,4,39
5/27/2022,2,4,43
5/28/2022,2,4,39
5/29/2022,2,4,32
5/30/2022,2,4,24
5/31/2022,2,4,35
6/1/2022,2,4,38
6/2/2022,2,4,48
6/3/2022,2,4,41
6/4/2022,2,4,52
6/5/2022,2,4,33
6/6/2022,2,4,39
6/7/2022,2,4,43
6/8/2022,2,4,35
6/9/2022,2,4,53
6/10/2022,2,4,53
6/11/2022,2,4,38
6/12/2022,2,4,32
6/13/2022,2,4,29
6/14/2022,2,4,42
6/15/2022,2,4,38
6/16/2022,2,4,38
6/17/2022,2,4,42
6/18/2022,2,4,44
6/19/2022,2,4,39
6/20/2022,2,4,36
6/21/2022,2,4,29
6/22/2022,2,4,37
6/23/2022,2,4,56
6/24/2022,2,4,41
6/25/2022,2,4,41
6/26/2022,2,4,32
6/27/2022,2,4,26
6/28/2022,2,4,41
6/29/2022,2,4,36
6/30/2022,2,4,31
7/1/2022,2,4,50
7/2/2022,2,4,50
7/3/2022,2,4,31
7/4/2022,2,4,37
7/5/2022,2,4,39
7/6/2022,2,4,35
7/7/2022,2,4,43
7/8/2022,2,4,39
7/9/2022,2,4,43
7/10/2022,2,4,32
7/11/2022,2,4,35
7/12/2022,2,4,26
7/13/2022,2,4,30
7/14/2022,2,4,45
7/15/2022,2,4,44
7/16/2022,2,4,61
7/17/2022,2,4,31
7/18/2022,2,4,38
7/19/2022,2,4,35
7/20/2022,2,4,42
7/21/2022,2,4,40
7/22/2022,2,4,38
7/23/2022,2,4,50
7/24/2022,2,4,35
7/25/2022,2,4,40
7/26/2022,2,4,42
7/27/2022,2,4,24
7/28/2022,2,4,42
7/29/2022,2,4,44
7/30/2022,2,4,62
7/31/2022,2,4,26
8/1/2022,2,4,31
8/2/2022,2,4,38
8/3/2022,2,4,22
8/4/2022,2,4,31
8/5/2022,2,4,40
8/6/2022,2,4,39
8/7/2022,2,4,26
8/8/2022,2,4,24
8/9/2022,2,4,38
8/10/2022,2,4,41
8/11/2022,2,4,31
8/12/2022,2,4,32
8/13/2022,2,4,39
8/14/2022,2,4,37
8/15/2022,2,4,28
8/16/2022,2,4,34
8/17/2022,2,4,46
8/18/2022,2,4,37
8/19/2022,2,4,39
8/20/2022,2,4,58
8/21/2022,2,4,25
8/22/2022,2,4,28
8/23/2022,2,4,48
8/24/2022,2,4,34
8/25/2022,2,4,45
8/26/2022,2,4,38
8/27/2022,2,4,50
8/28/2022,2,4,29
8/29/2022,2,4,33
8/30/2022,2,4,31
8/31/2022,2,4,38
9/1/2022,2,4,48
9/2/2022,2,4,39
9/3/2022,2,4,50
9/4/2022,2,4,26
9/5/2022,2,4,38
9/6/2022,2,4,21
9/7/2022,2,4,29
9/8/2022,2,4,43
9/9/2022,2,4,30
9/10/2022,2,4,46
9/11/2022,2,4,24
9/12/2022,2,4,37
9/13/2022,2,4,33
9/14/2022,2,4,33
9/15/2022,2,4,36
9/16/2022,2,4,26
9/17/2022,2,4,42
9/18/2022,2,4,30
9/19/2022,2,4,29
9/20/2022,2,4,28
9/21/2022,2,4,35
9/22/2022,2,4,41
9/23/2022,2,4,52
9/24/2022,2,4,26
9/25/2022,2,4,25
9/26/2022,2,4,30
9/27/2022,2,4,28
9/28/2022,2,4,32
9/29/2022,2,4,35
9/30/2022,2,4,33
10/1/2022,2,4,27
10/2/2022,2,4,29
10/3/2022,2,4,34
10/4/2022,2,4,21
10/5/2022,2,4,25
10/6/2022,2,4,25
10/7/2022,2,4,36
10/8/2022,2,4,28
10/9/2022,2,4,25
10/10/2022,2,4,27
10/11/2022,2,4,37
10/12/2022,2,4,26
10/13/2022,2,4,38
10/14/2022,2,4,40
10/15/2022,2,4,42
10/16/2022,2,4,28
10/17/2022,2,4,35
10/18/2022,2,4,30
10/19/2022,2,4,32
10/20/2022,2,4,37
10/21/2022,2,4,29
10/22/2022,2,4,38
10/23/2022,2,4,22
10/24/2022,2,4,24
10/25/2022,2,4,27
10/26/2022,2,4,22
10/27/2022,2,4,34
10/28/2022,2,4,39
10/29/2022,2,4,33
10/30/2022,2,4,24
10/31/2022,2,4,33
11/1/2022,2,4,29
11/2/2022,2,4,26
11/3/2022,2,4,44
11/4/2022,2,4,33
11/5/2022,2,4,35
11/6/2022,2,4,31
11/7/2022,2,4,29
11/8/2022,2,4,33
11/9/2022,2,4,29
11/10/2022,2,4,34
11/11/2022,2,4,36
11/12/2022,2,4,32
11/13/2022,2,4,32
11/14/2022,2,4,29
11/15/2022,2,4,29
11/16/2022,2,4,30
11/17/2022,2,4,34
11/18/2022,2,4,40
11/19/2022,2,4,51
11/20/2022,2,4,22
11/21/2022,2,4,46
11/22/2022,2,4,33
11/23/2022,2,4,30
11/24/2022,2,4,28
11/25/2022,2,4,35
11/26/2022,2,4,40
11/27/2022,2,4,29
11/28/2022,2,4,32
11/29/2022,2,4,33
11/30/2022,2,4,38
12/1/2022,2,4,33
12/2/2022,2,4,22
12/3/2022,2,4,30
12/4/2022,2,4,22
12/5/2022,2,4,35
12/6/2022,2,4,15
12/7/2022,2,4,21
12/8/2022,2,4,26
12/9/2022,2,4,22
12/10/2022,2,4,32
12/11/2022,2,4,26
12/12/2022,2,4,15
12/13/2022,2,4,25
12/14/2022,2,4,16
12/15/2022,2,4,22
12/16/2022,2,4,24
12/17/2022,2,4,29
12/18/2022,2,4,24
12/19/2022,2,4,26
12/20/2022,2,4,25
12/21/2022,2,4,22
12/22/2022,2,4,24
12/23/2022,2,4,32
12/24/2022,2,4,32
12/25/2022,2,4,22
12/26/2022,2,4,18
12/27/2022,2,4,26
12/28/2022,2,4,23
12/29/2022,2,4,21
12/30/2022,2,4,35
12/31/2022,2,4,29
1/1/2018,3,4,9
1/2/2018,3,4,15
1/3/2018,3,4,9
1/4/2018,3,4,16
1/5/2018,3,4,16
1/6/2018,3,4,13
1/7/2018,3,4,11
1/8/2018,3,4,11
1/9/2018,3,4,16
1/10/2018,3,4,11
1/11/2018,3,4,11
1/12/2018,3,4,18
1/13/2018,3,4,11
1/14/2018,3,4,15
1/15/2018,3,4,9
1/16/2018,3,4,17
1/17/2018,3,4,9
1/18/2018,3,4,14
1/19/2018,3,4,12
1/20/2018,3,4,13
1/21/2018,3,4,11
1/22/2018,3,4,12
1/23/2018,3,4,11
1/24/2018,3,4,11
1/25/2018,3,4,11
1/26/2018,3,4,25
1/27/2018,3,4,21
1/28/2018,3,4,10
1/29/2018,3,4,10
1/30/2018,3,4,10
1/31/2018,3,4,13
2/1/2018,3,4,20
2/2/2018,3,4,16
2/3/2018,3,4,19
2/4/2018,3,4,13
2/5/2018,3,4,12
2/6/2018,3,4,16
2/7/2018,3,4,17
2/8/2018,3,4,15
2/9/2018,3,4,13
2/10/2018,3,4,13
2/11/2018,3,4,13
2/12/2018,3,4,10
2/13/2018,3,4,15
2/14/2018,3,4,19
2/15/2018,3,4,17
2/16/2018,3,4,7
2/17/2018,3,4,23
2/18/2018,3,4,14
2/19/2018,3,4,15
2/20/2018,3,4,15
2/21/2018,3,4,16
2/22/2018,3,4,13
2/23/2018,3,4,21
2/24/2018,3,4,25
2/25/2018,3,4,11
2/26/2018,3,4,18
2/27/2018,3,4,16
2/28/2018,3,4,13
3/1/2018,3,4,18
3/2/2018,3,4,24
3/3/2018,3,4,28
3/4/2018,3,4,19
3/5/2018,3,4,19
3/6/2018,3,4,15
3/7/2018,3,4,16
3/8/2018,3,4,21
3/9/2018,3,4,19
3/10/2018,3,4,18
3/11/2018,3,4,13
3/12/2018,3,4,19
3/13/2018,3,4,23
3/14/2018,3,4,22
3/15/2018,3,4,20
3/16/2018,3,4,24
3/17/2018,3,4,25
3/18/2018,3,4,13
3/19/2018,3,4,14
3/20/2018,3,4,19
3/21/2018,3,4,24
3/22/2018,3,4,17
3/23/2018,3,4,19
3/24/2018,3,4,26
3/25/2018,3,4,18
3/26/2018,3,4,18
3/27/2018,3,4,16
3/28/2018,3,4,32
3/29/2018,3,4,19
3/30/2018,3,4,21
3/31/2018,3,4,20
4/1/2018,3,4,26
4/2/2018,3,4,27
4/3/2018,3,4,26
4/4/2018,3,4,19
4/5/2018,3,4,25
4/6/2018,3,4,26
4/7/2018,3,4,25
4/8/2018,3,4,14
4/9/2018,3,4,23
4/10/2018,3,4,28
4/11/2018,3,4,20
4/12/2018,3,4,23
4/13/2018,3,4,33
4/14/2018,3,4,25
4/15/2018,3,4,21
4/16/2018,3,4,23
4/17/2018,3,4,19
4/18/2018,3,4,25
4/19/2018,3,4,26
4/20/2018,3,4,27
4/21/2018,3,4,26
4/22/2018,3,4,16
4/23/2018,3,4,11
4/24/2018,3,4,19
4/25/2018,3,4,29
4/26/2018,3,4,29
4/27/2018,3,4,21
4/28/2018,3,4,27
4/29/2018,3,4,19
4/30/2018,3,4,24
5/1/2018,3,4,15
5/2/2018,3,4,27
5/3/2018,3,4,24
5/4/2018,3,4,23
5/5/2018,3,4,40
5/6/2018,3,4,19
5/7/2018,3,4,27
5/8/2018,3,4,25
5/9/2018,3,4,32
5/10/2018,3,4,32
5/11/2018,3,4,23
5/12/2018,3,4,25
5/13/2018,3,4,25
5/14/2018,3,4,23
5/15/2018,3,4,22
5/16/2018,3,4,18
5/17/2018,3,4,19
5/18/2018,3,4,28
5/19/2018,3,4,30
5/20/2018,3,4,16
5/21/2018,3,4,19
5/22/2018,3,4,24
5/23/2018,3,4,24
5/24/2018,3,4,24
5/25/2018,3,4,26
5/26/2018,3,4,27
5/27/2018,3,4,12
5/28/2018,3,4,17
5/29/2018,3,4,24
5/30/2018,3,4,23
5/31/2018,3,4,32
6/1/2018,3,4,31
6/2/2018,3,4,35
6/3/2018,3,4,32
6/4/2018,3,4,28
6/5/2018,3,4,20
6/6/2018,3,4,21
6/7/2018,3,4,24
6/8/2018,3,4,26
6/9/2018,3,4,26
6/10/2018,3,4,19
6/11/2018,3,4,17
6/12/2018,3,4,23
6/13/2018,3,4,22
6/14/2018,3,4,26
6/15/2018,3,4,23
6/16/2018,3,4,21
6/17/2018,3,4,18
6/18/2018,3,4,19
6/19/2018,3,4,23
6/20/2018,3,4,24
6/21/2018,3,4,30
6/22/2018,3,4,25
6/23/2018,3,4,37
6/24/2018,3,4,21
6/25/2018,3,4,20
6/26/2018,3,4,23
6/27/2018,3,4,25
6/28/2018,3,4,27
6/29/2018,3,4,28
6/30/2018,3,4,24
7/1/2018,3,4,25
7/2/2018,3,4,26
7/3/2018,3,4,33
7/4/2018,3,4,22
7/5/2018,3,4,26
7/6/2018,3,4,27
7/7/2018,3,4,26
7/8/2018,3,4,27
7/9/2018,3,4,17
7/10/2018,3,4,21
7/11/2018,3,4,36
7/12/2018,3,4,38
7/13/2018,3,4,32
7/14/2018,3,4,33
7/15/2018,3,4,22
7/16/2018,3,4,24
7/17/2018,3,4,26
7/18/2018,3,4,26
7/19/2018,3,4,36
7/20/2018,3,4,31
7/21/2018,3,4,26
7/22/2018,3,4,17
7/23/2018,3,4,31
7/24/2018,3,4,24
7/25/2018,3,4,25
7/26/2018,3,4,40
7/27/2018,3,4,28
7/28/2018,3,4,36
7/29/2018,3,4,26
7/30/2018,3,4,20
7/31/2018,3,4,20
8/1/2018,3,4,20
8/2/2018,3,4,34
8/3/2018,3,4,28
8/4/2018,3,4,29
8/5/2018,3,4,20
8/6/2018,3,4,24
8/7/2018,3,4,23
8/8/2018,3,4,20
8/9/2018,3,4,29
8/10/2018,3,4,30
8/11/2018,3,4,27
8/12/2018,3,4,23
8/13/2018,3,4,16
8/14/2018,3,4,32
8/15/2018,3,4,23
8/16/2018,3,4,21
8/17/2018,3,4,29
8/18/2018,3,4,36
8/19/2018,3,4,20
8/20/2018,3,4,21
8/21/2018,3,4,24
8/22/2018,3,4,19
8/23/2018,3,4,23
8/24/2018,3,4,25
8/25/2018,3,4,26
8/26/2018,3,4,26
8/27/2018,3,4,32
8/28/2018,3,4,24
8/29/2018,3,4,19
8/30/2018,3,4,22
8/31/2018,3,4,25
9/1/2018,3,4,24
9/2/2018,3,4,23
9/3/2018,3,4,11
9/4/2018,3,4,16
9/5/2018,3,4,23
9/6/2018,3,4,18
9/7/2018,3,4,24
9/8/2018,3,4,29
9/9/2018,3,4,21
9/10/2018,3,4,18
9/11/2018,3,4,15
9/12/2018,3,4,33
9/13/2018,3,4,33
9/14/2018,3,4,30
9/15/2018,3,4,17
9/16/2018,3,4,24
9/17/2018,3,4,21
9/18/2018,3,4,23
9/19/2018,3,4,28
9/20/2018,3,4,20
9/21/2018,3,4,26
9/22/2018,3,4,37
9/23/2018,3,4,14
9/24/2018,3,4,30
9/25/2018,3,4,26
9/26/2018,3,4,19
9/27/2018,3,4,26
9/28/2018,3,4,29
9/29/2018,3,4,28
9/30/2018,3,4,12
10/1/2018,3,4,20
10/2/2018,3,4,31
10/3/2018,3,4,23
10/4/2018,3,4,12
10/5/2018,3,4,22
10/6/2018,3,4,24
10/7/2018,3,4,16
10/8/2018,3,4,19
10/9/2018,3,4,16
10/10/2018,3,4,21
10/11/2018,3,4,16
10/12/2018,3,4,21
10/13/2018,3,4,26
10/14/2018,3,4,15
10/15/2018,3,4,16
10/16/2018,3,4,16
10/17/2018,3,4,23
10/18/2018,3,4,26
10/19/2018,3,4,30
10/20/2018,3,4,29
10/21/2018,3,4,15
10/22/2018,3,4,24
10/23/2018,3,4,23
10/24/2018,3,4,17
10/25/2018,3,4,19
10/26/2018,3,4,16
10/27/2018,3,4,27
10/28/2018,3,4,16
10/29/2018,3,4,16
10/30/2018,3,4,16
10/31/2018,3,4,23
11/1/2018,3,4,29
11/2/2018,3,4,27
11/3/2018,3,4,30
11/4/2018,3,4,15
11/5/2018,3,4,27
11/6/2018,3,4,27
11/7/2018,3,4,15
11/8/2018,3,4,28
11/9/2018,3,4,20
11/10/2018,3,4,27
11/11/2018,3,4,8
11/12/2018,3,4,15
11/13/2018,3,4,17
11/14/2018,3,4,24
11/15/2018,3,4,18
11/16/2018,3,4,20
11/17/2018,3,4,30
11/18/2018,3,4,22
11/19/2018,3,4,24
11/20/2018,3,4,19
11/21/2018,3,4,22
11/22/2018,3,4,25
11/23/2018,3,4,20
11/24/2018,3,4,34
11/25/2018,3,4,26
11/26/2018,3,4,16
11/27/2018,3,4,20
11/28/2018,3,4,20
11/29/2018,3,4,28
11/30/2018,3,4,21
12/1/2018,3,4,24
12/2/2018,3,4,11
12/3/2018,3,4,15
12/4/2018,3,4,18
12/5/2018,3,4,15
12/6/2018,3,4,18
12/7/2018,3,4,16
12/8/2018,3,4,17
12/9/2018,3,4,16
12/10/2018,3,4,19
12/11/2018,3,4,13
12/12/2018,3,4,10
12/13/2018,3,4,17
12/14/2018,3,4,17
12/15/2018,3,4,26
12/16/2018,3,4,8
12/17/2018,3,4,15
12/18/2018,3,4,16
12/19/2018,3,4,17
12/20/2018,3,4,24
12/21/2018,3,4,20
12/22/2018,3,4,23
12/23/2018,3,4,3
12/24/2018,3,4,12
12/25/2018,3,4,13
12/26/2018,3,4,16
12/27/2018,3,4,10
12/28/2018,3,4,11
12/29/2018,3,4,27
12/30/2018,3,4,16
12/31/2018,3,4,18
1/1/2019,3,4,17
1/2/2019,3,4,17
1/3/2019,3,4,17
1/4/2019,3,4,16
1/5/2019,3,4,16
1/6/2019,3,4,12
1/7/2019,3,4,17
1/8/2019,3,4,18
1/9/2019,3,4,17
1/10/2019,3,4,18
1/11/2019,3,4,17
1/12/2019,3,4,25
1/13/2019,3,4,14
1/14/2019,3,4,16
1/15/2019,3,4,13
1/16/2019,3,4,18
1/17/2019,3,4,10
1/18/2019,3,4,23
1/19/2019,3,4,18
1/20/2019,3,4,17
1/21/2019,3,4,14
1/22/2019,3,4,23
1/23/2019,3,4,19
1/24/2019,3,4,12
1/25/2019,3,4,17
1/26/2019,3,4,18
1/27/2019,3,4,13
1/28/2019,3,4,19
1/29/2019,3,4,15
1/30/2019,3,4,13
1/31/2019,3,4,18
2/1/2019,3,4,16
2/2/2019,3,4,15
2/3/2019,3,4,23
2/4/2019,3,4,15
2/5/2019,3,4,18
2/6/2019,3,4,21
2/7/2019,3,4,19
2/8/2019,3,4,28
2/9/2019,3,4,14
2/10/2019,3,4,8
2/11/2019,3,4,18
2/12/2019,3,4,17
2/13/2019,3,4,17
2/14/2019,3,4,25
2/15/2019,3,4,22
2/16/2019,3,4,22
2/17/2019,3,4,13
2/18/2019,3,4,20
2/19/2019,3,4,12
2/20/2019,3,4,18
2/21/2019,3,4,17
2/22/2019,3,4,20
2/23/2019,3,4,15
2/24/2019,3,4,17
2/25/2019,3,4,17
2/26/2019,3,4,14
2/27/2019,3,4,16
2/28/2019,3,4,21
3/1/2019,3,4,27
3/2/2019,3,4,23
3/3/2019,3,4,14
3/4/2019,3,4,14
3/5/2019,3,4,20
3/6/2019,3,4,21
3/7/2019,3,4,17
3/8/2019,3,4,26
3/9/2019,3,4,34
3/10/2019,3,4,25
3/11/2019,3,4,22
3/12/2019,3,4,14
3/13/2019,3,4,24
3/14/2019,3,4,28
3/15/2019,3,4,20
3/16/2019,3,4,29
3/17/2019,3,4,24
3/18/2019,3,4,31
3/19/2019,3,4,14
3/20/2019,3,4,20
3/21/2019,3,4,25
3/22/2019,3,4,24
3/23/2019,3,4,24
3/24/2019,3,4,17
3/25/2019,3,4,22
3/26/2019,3,4,22
3/27/2019,3,4,20
3/28/2019,3,4,18
3/29/2019,3,4,26
3/30/2019,3,4,24
3/31/2019,3,4,16
4/1/2019,3,4,22
4/2/2019,3,4,23
4/3/2019,3,4,23
4/4/2019,3,4,27
4/5/2019,3,4,27
4/6/2019,3,4,34
4/7/2019,3,4,16
4/8/2019,3,4,32
4/9/2019,3,4,17
4/10/2019,3,4,16
4/11/2019,3,4,27
4/12/2019,3,4,19
4/13/2019,3,4,29
4/14/2019,3,4,19
4/15/2019,3,4,20
4/16/2019,3,4,20
4/17/2019,3,4,19
4/18/2019,3,4,30
4/19/2019,3,4,33
4/20/2019,3,4,32
4/21/2019,3,4,16
4/22/2019,3,4,22
4/23/2019,3,4,19
4/24/2019,3,4,18
4/25/2019,3,4,17
4/26/2019,3,4,29
4/27/2019,3,4,25
4/28/2019,3,4,25
4/29/2019,3,4,24
4/30/2019,3,4,17
5/1/2019,3,4,27
5/2/2019,3,4,18
5/3/2019,3,4,27
5/4/2019,3,4,26
5/5/2019,3,4,28
5/6/2019,3,4,19
5/7/2019,3,4,30
5/8/2019,3,4,26
5/9/2019,3,4,31
5/10/2019,3,4,23
5/11/2019,3,4,32
5/12/2019,3,4,27
5/13/2019,3,4,24
5/14/2019,3,4,31
5/15/2019,3,4,33
5/16/2019,3,4,31
5/17/2019,3,4,24
5/18/2019,3,4,44
5/19/2019,3,4,19
5/20/2019,3,4,21
5/21/2019,3,4,31
5/22/2019,3,4,20
5/23/2019,3,4,22
5/24/2019,3,4,26
5/25/2019,3,4,33
5/26/2019,3,4,16
5/27/2019,3,4,23
5/28/2019,3,4,22
5/29/2019,3,4,32
5/30/2019,3,4,28
5/31/2019,3,4,33
6/1/2019,3,4,28
6/2/2019,3,4,23
6/3/2019,3,4,32
6/4/2019,3,4,30
6/5/2019,3,4,34
6/6/2019,3,4,32
6/7/2019,3,4,31
6/8/2019,3,4,33
6/9/2019,3,4,24
6/10/2019,3,4,32
6/11/2019,3,4,26
6/12/2019,3,4,29
6/13/2019,3,4,26
6/14/2019,3,4,33
6/15/2019,3,4,30
6/16/2019,3,4,20
6/17/2019,3,4,28
6/18/2019,3,4,25
6/19/2019,3,4,32
6/20/2019,3,4,35
6/21/2019,3,4,31
6/22/2019,3,4,35
6/23/2019,3,4,25
6/24/2019,3,4,24
6/25/2019,3,4,24
6/26/2019,3,4,23
6/27/2019,3,4,36
6/28/2019,3,4,30
6/29/2019,3,4,41
6/30/2019,3,4,14
7/1/2019,3,4,33
7/2/2019,3,4,21
7/3/2019,3,4,33
7/4/2019,3,4,40
7/5/2019,3,4,38
7/6/2019,3,4,46
7/7/2019,3,4,24
7/8/2019,3,4,25
7/9/2019,3,4,34
7/10/2019,3,4,32
7/11/2019,3,4,34
7/12/2019,3,4,34
7/13/2019,3,4,34
7/14/2019,3,4,23
7/15/2019,3,4,28
7/16/2019,3,4,25
7/17/2019,3,4,28
7/18/2019,3,4,32
7/19/2019,3,4,32
7/20/2019,3,4,36
7/21/2019,3,4,23
7/22/2019,3,4,36
7/23/2019,3,4,30
7/24/2019,3,4,19
7/25/2019,3,4,34
7/26/2019,3,4,32
7/27/2019,3,4,41
7/28/2019,3,4,23
7/29/2019,3,4,29
7/30/2019,3,4,21
7/31/2019,3,4,21
8/1/2019,3,4,36
8/2/2019,3,4,33
8/3/2019,3,4,26
8/4/2019,3,4,22
8/5/2019,3,4,24
8/6/2019,3,4,19
8/7/2019,3,4,26
8/8/2019,3,4,32
8/9/2019,3,4,37
8/10/2019,3,4,43
8/11/2019,3,4,20
8/12/2019,3,4,23
8/13/2019,3,4,14
8/14/2019,3,4,37
8/15/2019,3,4,26
8/16/2019,3,4,43
8/17/2019,3,4,31
8/18/2019,3,4,21
8/19/2019,3,4,18
8/20/2019,3,4,23
8/21/2019,3,4,20
8/22/2019,3,4,25
8/23/2019,3,4,36
8/24/2019,3,4,28
8/25/2019,3,4,22
8/26/2019,3,4,23
8/27/2019,3,4,20
8/28/2019,3,4,36
8/29/2019,3,4,26
8/30/2019,3,4,30
8/31/2019,3,4,32
9/1/2019,3,4,15
9/2/2019,3,4,29
9/3/2019,3,4,18
9/4/2019,3,4,23
9/5/2019,3,4,34
9/6/2019,3,4,32
9/7/2019,3,4,43
9/8/2019,3,4,17
9/9/2019,3,4,29
9/10/2019,3,4,31
9/11/2019,3,4,21
9/12/2019,3,4,25
9/13/2019,3,4,27
9/14/2019,3,4,34
9/15/2019,3,4,14
9/16/2019,3,4,24
9/17/2019,3,4,20
9/18/2019,3,4,23
9/19/2019,3,4,27
9/20/2019,3,4,36
9/21/2019,3,4,29
9/22/2019,3,4,22
9/23/2019,3,4,35
9/24/2019,3,4,31
9/25/2019,3,4,28
9/26/2019,3,4,30
9/27/2019,3,4,32
9/28/2019,3,4,26
9/29/2019,3,4,21
9/30/2019,3,4,21
10/1/2019,3,4,38
10/2/2019,3,4,26
10/3/2019,3,4,20
10/4/2019,3,4,30
10/5/2019,3,4,28
10/6/2019,3,4,20
10/7/2019,3,4,28
10/8/2019,3,4,17
10/9/2019,3,4,32
10/10/2019,3,4,27
10/11/2019,3,4,15
10/12/2019,3,4,35
10/13/2019,3,4,19
10/14/2019,3,4,22
10/15/2019,3,4,14
10/16/2019,3,4,29
10/17/2019,3,4,26
10/18/2019,3,4,31
10/19/2019,3,4,27
10/20/2019,3,4,18
10/21/2019,3,4,23
10/22/2019,3,4,25
10/23/2019,3,4,25
10/24/2019,3,4,23
10/25/2019,3,4,29
10/26/2019,3,4,30
10/27/2019,3,4,16
10/28/2019,3,4,18
10/29/2019,3,4,31
10/30/2019,3,4,25
10/31/2019,3,4,16
11/1/2019,3,4,27
11/2/2019,3,4,32
11/3/2019,3,4,23
11/4/2019,3,4,28
11/5/2019,3,4,22
11/6/2019,3,4,17
11/7/2019,3,4,37
11/8/2019,3,4,23
11/9/2019,3,4,37
11/10/2019,3,4,28
11/11/2019,3,4,32
11/12/2019,3,4,30
11/13/2019,3,4,27
11/14/2019,3,4,30
11/15/2019,3,4,31
11/16/2019,3,4,30
11/17/2019,3,4,24
11/18/2019,3,4,23
11/19/2019,3,4,29
11/20/2019,3,4,25
11/21/2019,3,4,32
11/22/2019,3,4,27
11/23/2019,3,4,25
11/24/2019,3,4,23
11/25/2019,3,4,18
11/26/2019,3,4,22
11/27/2019,3,4,27
11/28/2019,3,4,17
11/29/2019,3,4,35
11/30/2019,3,4,26
12/1/2019,3,4,13
12/2/2019,3,4,13
12/3/2019,3,4,17
12/4/2019,3,4,16
12/5/2019,3,4,16
12/6/2019,3,4,15
12/7/2019,3,4,18
12/8/2019,3,4,9
12/9/2019,3,4,7
12/10/2019,3,4,18
12/11/2019,3,4,22
12/12/2019,3,4,19
12/13/2019,3,4,23
12/14/2019,3,4,17
12/15/2019,3,4,14
12/16/2019,3,4,10
12/17/2019,3,4,19
12/18/2019,3,4,21
12/19/2019,3,4,17
12/20/2019,3,4,23
12/21/2019,3,4,19
12/22/2019,3,4,5
12/23/2019,3,4,15
12/24/2019,3,4,20
12/25/2019,3,4,16
12/26/2019,3,4,14
12/27/2019,3,4,20
12/28/2019,3,4,14
12/29/2019,3,4,14
12/30/2019,3,4,22
12/31/2019,3,4,15
1/1/2020,3,4,21
1/2/2020,3,4,21
1/3/2020,3,4,15
1/4/2020,3,4,23
1/5/2020,3,4,12
1/6/2020,3,4,19
1/7/2020,3,4,11
1/8/2020,3,4,14
1/9/2020,3,4,18
1/10/2020,3,4,22
1/11/2020,3,4,20
1/12/2020,3,4,13
1/13/2020,3,4,19
1/14/2020,3,4,12
1/15/2020,3,4,11
1/16/2020,3,4,15
1/17/2020,3,4,17
1/18/2020,3,4,16
1/19/2020,3,4,12
1/20/2020,3,4,14
1/21/2020,3,4,16
1/22/2020,3,4,18
1/23/2020,3,4,22
1/24/2020,3,4,19
1/25/2020,3,4,17
1/26/2020,3,4,15
1/27/2020,3,4,23
1/28/2020,3,4,11
1/29/2020,3,4,17
1/30/2020,3,4,19
1/31/2020,3,4,18
2/1/2020,3,4,17
2/2/2020,3,4,13
2/3/2020,3,4,21
2/4/2020,3,4,15
2/5/2020,3,4,19
2/6/2020,3,4,20
2/7/2020,3,4,22
2/8/2020,3,4,16
2/9/2020,3,4,18
2/10/2020,3,4,22
2/11/2020,3,4,18
2/12/2020,3,4,16
2/13/2020,3,4,25
2/14/2020,3,4,15
2/15/2020,3,4,25
2/16/2020,3,4,14
2/17/2020,3,4,17
2/18/2020,3,4,16
2/19/2020,3,4,13
2/20/2020,3,4,16
2/21/2020,3,4,28
2/22/2020,3,4,21
2/23/2020,3,4,14
2/24/2020,3,4,18
2/25/2020,3,4,23
2/26/2020,3,4,20
2/27/2020,3,4,28
2/28/2020,3,4,21
3/1/2020,3,4,19
3/2/2020,3,4,15
3/3/2020,3,4,26
3/4/2020,3,4,26
3/5/2020,3,4,26
3/6/2020,3,4,32
3/7/2020,3,4,21
3/8/2020,3,4,23
3/9/2020,3,4,14
3/10/2020,3,4,18
3/11/2020,3,4,16
3/12/2020,3,4,17
3/13/2020,3,4,21
3/14/2020,3,4,17
3/15/2020,3,4,38
3/16/2020,3,4,19
3/17/2020,3,4,15
3/18/2020,3,4,23
3/19/2020,3,4,23
3/20/2020,3,4,28
3/21/2020,3,4,19
3/22/2020,3,4,36
3/23/2020,3,4,21
3/24/2020,3,4,19
3/25/2020,3,4,13
3/26/2020,3,4,18
3/27/2020,3,4,22
3/28/2020,3,4,29
3/29/2020,3,4,29
3/30/2020,3,4,22
3/31/2020,3,4,18
4/1/2020,3,4,23
4/2/2020,3,4,20
4/3/2020,3,4,25
4/4/2020,3,4,23
4/5/2020,3,4,23
4/6/2020,3,4,14
4/7/2020,3,4,18
4/8/2020,3,4,22
4/9/2020,3,4,20
4/10/2020,3,4,23
4/11/2020,3,4,32
4/12/2020,3,4,38
4/13/2020,3,4,13
4/14/2020,3,4,24
4/15/2020,3,4,24
4/16/2020,3,4,31
4/17/2020,3,4,27
4/18/2020,3,4,37
4/19/2020,3,4,31
4/20/2020,3,4,20
4/21/2020,3,4,27
4/22/2020,3,4,32
4/23/2020,3,4,20
4/24/2020,3,4,37
4/25/2020,3,4,33
4/26/2020,3,4,26
4/27/2020,3,4,19
4/28/2020,3,4,29
4/29/2020,3,4,23
4/30/2020,3,4,26
5/1/2020,3,4,26
5/2/2020,3,4,38
5/3/2020,3,4,39
5/4/2020,3,4,19
5/5/2020,3,4,21
5/6/2020,3,4,35
5/7/2020,3,4,28
5/8/2020,3,4,36
5/9/2020,3,4,32
5/10/2020,3,4,30
5/11/2020,3,4,24
5/12/2020,3,4,30
5/13/2020,3,4,29
5/14/2020,3,4,30
5/15/2020,3,4,24
5/16/2020,3,4,38
5/17/2020,3,4,36
5/18/2020,3,4,30
5/19/2020,3,4,30
5/20/2020,3,4,21
5/21/2020,3,4,34
5/22/2020,3,4,23
5/23/2020,3,4,20
5/24/2020,3,4,24
5/25/2020,3,4,22
5/26/2020,3,4,22
5/27/2020,3,4,21
5/28/2020,3,4,45
5/29/2020,3,4,24
5/30/2020,3,4,36
5/31/2020,3,4,39
6/1/2020,3,4,25
6/2/2020,3,4,32
6/3/2020,3,4,21
6/4/2020,3,4,32
6/5/2020,3,4,42
6/6/2020,3,4,37
6/7/2020,3,4,39
6/8/2020,3,4,22
6/9/2020,3,4,30
6/10/2020,3,4,30
6/11/2020,3,4,28
6/12/2020,3,4,35
6/13/2020,3,4,37
6/14/2020,3,4,37
6/15/2020,3,4,23
6/16/2020,3,4,17
6/17/2020,3,4,26
6/18/2020,3,4,26
6/19/2020,3,4,32
6/20/2020,3,4,40
6/21/2020,3,4,41
6/22/2020,3,4,21
6/23/2020,3,4,21
6/24/2020,3,4,33
6/25/2020,3,4,29
6/26/2020,3,4,21
6/27/2020,3,4,33
6/28/2020,3,4,45
6/29/2020,3,4,27
6/30/2020,3,4,21
7/1/2020,3,4,34
7/2/2020,3,4,24
7/3/2020,3,4,34
7/4/2020,3,4,38
7/5/2020,3,4,50
7/6/2020,3,4,26
7/7/2020,3,4,29
7/8/2020,3,4,31
7/9/2020,3,4,36
7/10/2020,3,4,28
7/11/2020,3,4,40
7/12/2020,3,4,46
7/13/2020,3,4,24
7/14/2020,3,4,30
7/15/2020,3,4,31
7/16/2020,3,4,35
7/17/2020,3,4,32
7/18/2020,3,4,30
7/19/2020,3,4,41
7/20/2020,3,4,25
7/21/2020,3,4,29
7/22/2020,3,4,33
7/23/2020,3,4,36
7/24/2020,3,4,40
7/25/2020,3,4,34
7/26/2020,3,4,31
7/27/2020,3,4,32
7/28/2020,3,4,24
7/29/2020,3,4,29
7/30/2020,3,4,28
7/31/2020,3,4,30
8/1/2020,3,4,29
8/2/2020,3,4,34
8/3/2020,3,4,18
8/4/2020,3,4,21
8/5/2020,3,4,33
8/6/2020,3,4,24
8/7/2020,3,4,30
8/8/2020,3,4,31
8/9/2020,3,4,34
8/10/2020,3,4,31
8/11/2020,3,4,22
8/12/2020,3,4,31
8/13/2020,3,4,21
8/14/2020,3,4,24
8/15/2020,3,4,18
8/16/2020,3,4,21
8/17/2020,3,4,16
8/18/2020,3,4,31
8/19/2020,3,4,20
8/20/2020,3,4,20
8/21/2020,3,4,31
8/22/2020,3,4,30
8/23/2020,3,4,37
8/24/2020,3,4,16
8/25/2020,3,4,34
8/26/2020,3,4,26
8/27/2020,3,4,21
8/28/2020,3,4,27
8/29/2020,3,4,38
8/30/2020,3,4,38
8/31/2020,3,4,15
9/1/2020,3,4,25
9/2/2020,3,4,18
9/3/2020,3,4,27
9/4/2020,3,4,38
9/5/2020,3,4,24
9/6/2020,3,4,29
9/7/2020,3,4,16
9/8/2020,3,4,31
9/9/2020,3,4,26
9/10/2020,3,4,34
9/11/2020,3,4,20
9/12/2020,3,4,31
9/13/2020,3,4,37
9/14/2020,3,4,22
9/15/2020,3,4,18
9/16/2020,3,4,17
9/17/2020,3,4,27
9/18/2020,3,4,28
9/19/2020,3,4,31
9/20/2020,3,4,44
9/21/2020,3,4,27
9/22/2020,3,4,25
9/23/2020,3,4,16
9/24/2020,3,4,22
9/25/2020,3,4,21
9/26/2020,3,4,25
9/27/2020,3,4,29
9/28/2020,3,4,20
9/29/2020,3,4,24
9/30/2020,3,4,26
10/1/2020,3,4,17
10/2/2020,3,4,23
10/3/2020,3,4,40
10/4/2020,3,4,27
10/5/2020,3,4,17
10/6/2020,3,4,19
10/7/2020,3,4,26
10/8/2020,3,4,25
10/9/2020,3,4,30
10/10/2020,3,4,31
10/11/2020,3,4,37
10/12/2020,3,4,20
10/13/2020,3,4,20
10/14/2020,3,4,24
10/15/2020,3,4,27
10/16/2020,3,4,27
10/17/2020,3,4,27
10/18/2020,3,4,24
10/19/2020,3,4,16
10/20/2020,3,4,20
10/21/2020,3,4,20
10/22/2020,3,4,27
10/23/2020,3,4,25
10/24/2020,3,4,27
10/25/2020,3,4,28
10/26/2020,3,4,22
10/27/2020,3,4,21
10/28/2020,3,4,14
10/29/2020,3,4,23
10/30/2020,3,4,36
10/31/2020,3,4,24
11/1/2020,3,4,33
11/2/2020,3,4,18
11/3/2020,3,4,30
11/4/2020,3,4,28
11/5/2020,3,4,22
11/6/2020,3,4,38
11/7/2020,3,4,27
11/8/2020,3,4,29
11/9/2020,3,4,19
11/10/2020,3,4,27
11/11/2020,3,4,28
11/12/2020,3,4,29
11/13/2020,3,4,28
11/14/2020,3,4,26
11/15/2020,3,4,25
11/16/2020,3,4,25
11/17/2020,3,4,21
11/18/2020,3,4,19
11/19/2020,3,4,26
11/20/2020,3,4,28
11/21/2020,3,4,31
11/22/2020,3,4,39
11/23/2020,3,4,27
11/24/2020,3,4,21
11/25/2020,3,4,24
11/26/2020,3,4,30
11/27/2020,3,4,16
11/28/2020,3,4,30
11/29/2020,3,4,41
11/30/2020,3,4,20
12/1/2020,3,4,20
12/2/2020,3,4,15
12/3/2020,3,4,13
12/4/2020,3,4,17
12/5/2020,3,4,20
12/6/2020,3,4,23
12/7/2020,3,4,15
12/8/2020,3,4,20
12/9/2020,3,4,18
12/10/2020,3,4,12
12/11/2020,3,4,24
12/12/2020,3,4,23
12/13/2020,3,4,24
12/14/2020,3,4,13
12/15/2020,3,4,18
12/16/2020,3,4,15
12/17/2020,3,4,13
12/18/2020,3,4,24
12/19/2020,3,4,18
12/20/2020,3,4,14
12/21/2020,3,4,7
12/22/2020,3,4,17
12/23/2020,3,4,17
12/24/2020,3,4,19
12/25/2020,3,4,20
12/26/2020,3,4,20
12/27/2020,3,4,22
12/28/2020,3,4,15
12/29/2020,3,4,8
12/30/2020,3,4,13
12/31/2020,3,4,16
1/1/2021,3,4,17
1/2/2021,3,4,13
1/3/2021,3,4,31
1/4/2021,3,4,15
1/5/2021,3,4,19
1/6/2021,3,4,18
1/7/2021,3,4,19
1/8/2021,3,4,22
1/9/2021,3,4,19
1/10/2021,3,4,23
1/11/2021,3,4,12
1/12/2021,3,4,21
1/13/2021,3,4,12
1/14/2021,3,4,12
1/15/2021,3,4,12
1/16/2021,3,4,27
1/17/2021,3,4,20
1/18/2021,3,4,20
1/19/2021,3,4,18
1/20/2021,3,4,18
1/21/2021,3,4,21
1/22/2021,3,4,23
1/23/2021,3,4,12
1/24/2021,3,4,30
1/25/2021,3,4,16
1/26/2021,3,4,15
1/27/2021,3,4,20
1/28/2021,3,4,18
1/29/2021,3,4,19
1/30/2021,3,4,22
1/31/2021,3,4,20
2/1/2021,3,4,17
2/2/2021,3,4,13
2/3/2021,3,4,26
2/4/2021,3,4,24
2/5/2021,3,4,31
2/6/2021,3,4,26
2/7/2021,3,4,31
2/8/2021,3,4,11
2/9/2021,3,4,12
2/10/2021,3,4,10
2/11/2021,3,4,23
2/12/2021,3,4,26
2/13/2021,3,4,28
2/14/2021,3,4,22
2/15/2021,3,4,13
2/16/2021,3,4,17
2/17/2021,3,4,14
2/18/2021,3,4,20
2/19/2021,3,4,22
2/20/2021,3,4,29
2/21/2021,3,4,30
2/22/2021,3,4,26
2/23/2021,3,4,13
2/24/2021,3,4,20
2/25/2021,3,4,19
2/26/2021,3,4,23
2/27/2021,3,4,17
2/28/2021,3,4,17
2/29/2021,3,4,23
3/1/2021,3,4,19
3/2/2021,3,4,23
3/3/2021,3,4,20
3/4/2021,3,4,29
3/5/2021,3,4,34
3/6/2021,3,4,34
3/7/2021,3,4,17
3/8/2021,3,4,25
3/9/2021,3,4,24
3/10/2021,3,4,23
3/11/2021,3,4,28
3/12/2021,3,4,25
3/13/2021,3,4,21
3/14/2021,3,4,21
3/15/2021,3,4,26
3/16/2021,3,4,32
3/17/2021,3,4,32
3/18/2021,3,4,28
3/19/2021,3,4,33
3/20/2021,3,4,28
3/21/2021,3,4,18
3/22/2021,3,4,25
3/23/2021,3,4,24
3/24/2021,3,4,18
3/25/2021,3,4,23
3/26/2021,3,4,25
3/27/2021,3,4,29
3/28/2021,3,4,20
3/29/2021,3,4,17
3/30/2021,3,4,24
3/31/2021,3,4,20
4/1/2021,3,4,30
4/2/2021,3,4,32
4/3/2021,3,4,40
4/4/2021,3,4,21
4/5/2021,3,4,20
4/6/2021,3,4,30
4/7/2021,3,4,24
4/8/2021,3,4,30
4/9/2021,3,4,35
4/10/2021,3,4,37
4/11/2021,3,4,22
4/12/2021,3,4,33
4/13/2021,3,4,26
4/14/2021,3,4,33
4/15/2021,3,4,28
4/16/2021,3,4,28
4/17/2021,3,4,32
4/18/2021,3,4,24
4/19/2021,3,4,31
4/20/2021,3,4,33
4/21/2021,3,4,33
4/22/2021,3,4,31
4/23/2021,3,4,39
4/24/2021,3,4,43
4/25/2021,3,4,14
4/26/2021,3,4,32
4/27/2021,3,4,28
4/28/2021,3,4,44
4/29/2021,3,4,34
4/30/2021,3,4,21
5/1/2021,3,4,30
5/2/2021,3,4,24
5/3/2021,3,4,22
5/4/2021,3,4,25
5/5/2021,3,4,37
5/6/2021,3,4,39
5/7/2021,3,4,43
5/8/2021,3,4,34
5/9/2021,3,4,31
5/10/2021,3,4,28
5/11/2021,3,4,35
5/12/2021,3,4,22
5/13/2021,3,4,34
5/14/2021,3,4,31
5/15/2021,3,4,28
5/16/2021,3,4,20
5/17/2021,3,4,27
5/18/2021,3,4,29
5/19/2021,3,4,23
5/20/2021,3,4,35
5/21/2021,3,4,26
5/22/2021,3,4,37
5/23/2021,3,4,33
5/24/2021,3,4,23
5/25/2021,3,4,25
5/26/2021,3,4,33
5/27/2021,3,4,42
5/28/2021,3,4,38
5/29/2021,3,4,39
5/30/2021,3,4,17
5/31/2021,3,4,27
6/1/2021,3,4,32
6/2/2021,3,4,23
6/3/2021,3,4,38
6/4/2021,3,4,43
6/5/2021,3,4,37
6/6/2021,3,4,30
6/7/2021,3,4,30
6/8/2021,3,4,31
6/9/2021,3,4,35
6/10/2021,3,4,25
6/11/2021,3,4,41
6/12/2021,3,4,33
6/13/2021,3,4,31
6/14/2021,3,4,27
6/15/2021,3,4,32
6/16/2021,3,4,33
6/17/2021,3,4,34
6/18/2021,3,4,39
6/19/2021,3,4,43
6/20/2021,3,4,26
6/21/2021,3,4,21
6/22/2021,3,4,38
6/23/2021,3,4,27
6/24/2021,3,4,36
6/25/2021,3,4,47
6/26/2021,3,4,37
6/27/2021,3,4,19
6/28/2021,3,4,23
6/29/2021,3,4,34
6/30/2021,3,4,36
7/1/2021,3,4,42
7/2/2021,3,4,29
7/3/2021,3,4,40
7/4/2021,3,4,29
7/5/2021,3,4,25
7/6/2021,3,4,41
7/7/2021,3,4,33
7/8/2021,3,4,44
7/9/2021,3,4,45
7/10/2021,3,4,36
7/11/2021,3,4,25
7/12/2021,3,4,24
7/13/2021,3,4,29
7/14/2021,3,4,36
7/15/2021,3,4,35
7/16/2021,3,4,43
7/17/2021,3,4,41
7/18/2021,3,4,26
7/19/2021,3,4,29
7/20/2021,3,4,29
7/21/2021,3,4,40
7/22/2021,3,4,29
7/23/2021,3,4,43
7/24/2021,3,4,37
7/25/2021,3,4,23
7/26/2021,3,4,29
7/27/2021,3,4,23
7/28/2021,3,4,39
7/29/2021,3,4,49
7/30/2021,3,4,39
7/31/2021,3,4,45
8/1/2021,3,4,35
8/2/2021,3,4,33
8/3/2021,3,4,27
8/4/2021,3,4,27
8/5/2021,3,4,46
8/6/2021,3,4,35
8/7/2021,3,4,41
8/8/2021,3,4,25
8/9/2021,3,4,24
8/10/2021,3,4,32
8/11/2021,3,4,29
8/12/2021,3,4,36
8/13/2021,3,4,43
8/14/2021,3,4,40
8/15/2021,3,4,27
8/16/2021,3,4,38
8/17/2021,3,4,33
8/18/2021,3,4,34
8/19/2021,3,4,30
8/20/2021,3,4,31
8/21/2021,3,4,47
8/22/2021,3,4,34
8/23/2021,3,4,22
8/24/2021,3,4,26
8/25/2021,3,4,26
8/26/2021,3,4,23
8/27/2021,3,4,26
8/28/2021,3,4,29
8/29/2021,3,4,20
8/30/2021,3,4,18
8/31/2021,3,4,31
9/1/2021,3,4,32
9/2/2021,3,4,33
9/3/2021,3,4,32
9/4/2021,3,4,40
9/5/2021,3,4,25
9/6/2021,3,4,32
9/7/2021,3,4,29
9/8/2021,3,4,36
9/9/2021,3,4,30
9/10/2021,3,4,32
9/11/2021,3,4,37
9/12/2021,3,4,20
9/13/2021,3,4,27
9/14/2021,3,4,31
9/15/2021,3,4,25
9/16/2021,3,4,25
9/17/2021,3,4,32
9/18/2021,3,4,33
9/19/2021,3,4,23
9/20/2021,3,4,29
9/21/2021,3,4,20
9/22/2021,3,4,30
9/23/2021,3,4,21
9/24/2021,3,4,24
9/25/2021,3,4,25
9/26/2021,3,4,26
9/27/2021,3,4,26
9/28/2021,3,4,26
9/29/2021,3,4,35
9/30/2021,3,4,28
10/1/2021,3,4,31
10/2/2021,3,4,31
10/3/2021,3,4,18
10/4/2021,3,4,19
10/5/2021,3,4,27
10/6/2021,3,4,33
10/7/2021,3,4,21
10/8/2021,3,4,32
10/9/2021,3,4,31
10/10/2021,3,4,24
10/11/2021,3,4,23
10/12/2021,3,4,23
10/13/2021,3,4,20
10/14/2021,3,4,33
10/15/2021,3,4,28
10/16/2021,3,4,31
10/17/2021,3,4,16
10/18/2021,3,4,39
10/19/2021,3,4,26
10/20/2021,3,4,31
10/21/2021,3,4,17
10/22/2021,3,4,28
10/23/2021,3,4,23
10/24/2021,3,4,18
10/25/2021,3,4,26
10/26/2021,3,4,23
10/27/2021,3,4,17
10/28/2021,3,4,27
10/29/2021,3,4,27
10/30/2021,3,4,29
10/31/2021,3,4,15
11/1/2021,3,4,24
11/2/2021,3,4,32
11/3/2021,3,4,33
11/4/2021,3,4,38
11/5/2021,3,4,35
11/6/2021,3,4,39
11/7/2021,3,4,34
11/8/2021,3,4,22
11/9/2021,3,4,21
11/10/2021,3,4,34
11/11/2021,3,4,31
11/12/2021,3,4,29
11/13/2021,3,4,40
11/14/2021,3,4,26
11/15/2021,3,4,21
11/16/2021,3,4,20
11/17/2021,3,4,22
11/18/2021,3,4,29
11/19/2021,3,4,37
11/20/2021,3,4,35
11/21/2021,3,4,30
11/22/2021,3,4,38
11/23/2021,3,4,28
11/24/2021,3,4,23
11/25/2021,3,4,29
11/26/2021,3,4,19
11/27/2021,3,4,30
11/28/2021,3,4,34
11/29/2021,3,4,18
11/30/2021,3,4,20
12/1/2021,3,4,21
12/2/2021,3,4,18
12/3/2021,3,4,22
12/4/2021,3,4,27
12/5/2021,3,4,19
12/6/2021,3,4,19
12/7/2021,3,4,23
12/8/2021,3,4,22
12/9/2021,3,4,19
12/10/2021,3,4,20
12/11/2021,3,4,25
12/12/2021,3,4,21
12/13/2021,3,4,14
12/14/2021,3,4,18
12/15/2021,3,4,23
12/16/2021,3,4,31
12/17/2021,3,4,17
12/18/2021,3,4,21
12/19/2021,3,4,15
12/20/2021,3,4,22
12/21/2021,3,4,26
12/22/2021,3,4,26
12/23/2021,3,4,17
12/24/2021,3,4,25
12/25/2021,3,4,25
12/26/2021,3,4,9
12/27/2021,3,4,18
12/28/2021,3,4,10
12/29/2021,3,4,15
12/30/2021,3,4,23
12/31/2021,3,4,26
1/1/2022,3,4,29
1/2/2022,3,4,16
1/3/2022,3,4,19
1/4/2022,3,4,18
1/5/2022,3,4,21
1/6/2022,3,4,16
1/7/2022,3,4,27
1/8/2022,3,4,30
1/9/2022,3,4,12
1/10/2022,3,4,21
1/11/2022,3,4,27
1/12/2022,3,4,22
1/13/2022,3,4,11
1/14/2022,3,4,13
1/15/2022,3,4,20
1/16/2022,3,4,13
1/17/2022,3,4,16
1/18/2022,3,4,22
1/19/2022,3,4,23
1/20/2022,3,4,19
1/21/2022,3,4,31
1/22/2022,3,4,24
1/23/2022,3,4,17
1/24/2022,3,4,23
1/25/2022,3,4,19
1/26/2022,3,4,16
1/27/2022,3,4,24
1/28/2022,3,4,21
1/29/2022,3,4,21
1/30/2022,3,4,11
1/31/2022,3,4,18
2/1/2022,3,4,19
2/2/2022,3,4,23
2/3/2022,3,4,28
2/4/2022,3,4,18
2/5/2022,3,4,29
2/6/2022,3,4,10
2/7/2022,3,4,24
2/8/2022,3,4,16
2/9/2022,3,4,20
2/10/2022,3,4,19
2/11/2022,3,4,25
2/12/2022,3,4,19
2/13/2022,3,4,17
2/14/2022,3,4,19
2/15/2022,3,4,16
2/16/2022,3,4,22
2/17/2022,3,4,23
2/18/2022,3,4,16
2/19/2022,3,4,25
2/20/2022,3,4,14
2/21/2022,3,4,15
2/22/2022,3,4,19
2/23/2022,3,4,20
2/24/2022,3,4,28
2/25/2022,3,4,24
2/26/2022,3,4,20
2/27/2022,3,4,13
2/28/2022,3,4,19
3/1/2022,3,4,20
3/2/2022,3,4,27
3/3/2022,3,4,24
3/4/2022,3,4,28
3/5/2022,3,4,27
3/6/2022,3,4,13
3/7/2022,3,4,26
3/8/2022,3,4,17
3/9/2022,3,4,22
3/10/2022,3,4,32
3/11/2022,3,4,23
3/12/2022,3,4,38
3/13/2022,3,4,20
3/14/2022,3,4,16
3/15/2022,3,4,19
3/16/2022,3,4,18
3/17/2022,3,4,37
3/18/2022,3,4,29
3/19/2022,3,4,27
3/20/2022,3,4,19
3/21/2022,3,4,22
3/22/2022,3,4,19
3/23/2022,3,4,18
3/24/2022,3,4,38
3/25/2022,3,4,34
3/26/2022,3,4,27
3/27/2022,3,4,21
3/28/2022,3,4,29
3/29/2022,3,4,16
3/30/2022,3,4,35
3/31/2022,3,4,35
4/1/2022,3,4,38
4/2/2022,3,4,31
4/3/2022,3,4,21
4/4/2022,3,4,36
4/5/2022,3,4,24
4/6/2022,3,4,32
4/7/2022,3,4,26
4/8/2022,3,4,37
4/9/2022,3,4,38
4/10/2022,3,4,26
4/11/2022,3,4,22
4/12/2022,3,4,20
4/13/2022,3,4,38
4/14/2022,3,4,35
4/15/2022,3,4,41
4/16/2022,3,4,23
4/17/2022,3,4,26
4/18/2022,3,4,31
4/19/2022,3,4,31
4/20/2022,3,4,32
4/21/2022,3,4,33
4/22/2022,3,4,34
4/23/2022,3,4,34
4/24/2022,3,4,26
4/25/2022,3,4,33
4/26/2022,3,4,33
4/27/2022,3,4,27
4/28/2022,3,4,37
4/29/2022,3,4,27
4/30/2022,3,4,37
5/1/2022,3,4,25
5/2/2022,3,4,40
5/3/2022,3,4,33
5/4/2022,3,4,25
5/5/2022,3,4,40
5/6/2022,3,4,42
5/7/2022,3,4,37
5/8/2022,3,4,25
5/9/2022,3,4,24
5/10/2022,3,4,25
5/11/2022,3,4,41
5/12/2022,3,4,38
5/13/2022,3,4,32
5/14/2022,3,4,39
5/15/2022,3,4,29
5/16/2022,3,4,27
5/17/2022,3,4,29
5/18/2022,3,4,32
5/19/2022,3,4,43
5/20/2022,3,4,26
5/21/2022,3,4,54
5/22/2022,3,4,32
5/23/2022,3,4,25
5/24/2022,3,4,30
5/25/2022,3,4,30
5/26/2022,3,4,30
5/27/2022,3,4,42
5/28/2022,3,4,34
5/29/2022,3,4,27
5/30/2022,3,4,27
5/31/2022,3,4,33
6/1/2022,3,4,33
6/2/2022,3,4,46
6/3/2022,3,4,37
6/4/2022,3,4,46
6/5/2022,3,4,29
6/6/2022,3,4,34
6/7/2022,3,4,42
6/8/2022,3,4,32
6/9/2022,3,4,41
6/10/2022,3,4,45
6/11/2022,3,4,40
6/12/2022,3,4,26
6/13/2022,3,4,31
6/14/2022,3,4,23
6/15/2022,3,4,27
6/16/2022,3,4,42
6/17/2022,3,4,43
6/18/2022,3,4,42
6/19/2022,3,4,30
6/20/2022,3,4,27
6/21/2022,3,4,35
6/22/2022,3,4,32
6/23/2022,3,4,39
6/24/2022,3,4,51
6/25/2022,3,4,43
6/26/2022,3,4,20
6/27/2022,3,4,29
6/28/2022,3,4,44
6/29/2022,3,4,40
6/30/2022,3,4,40
7/1/2022,3,4,43
7/2/2022,3,4,38
7/3/2022,3,4,23
7/4/2022,3,4,35
7/5/2022,3,4,39
7/6/2022,3,4,29
7/7/2022,3,4,46
7/8/2022,3,4,31
7/9/2022,3,4,34
7/10/2022,3,4,32
7/11/2022,3,4,42
7/12/2022,3,4,27
7/13/2022,3,4,37
7/14/2022,3,4,37
7/15/2022,3,4,51
7/16/2022,3,4,42
7/17/2022,3,4,23
7/18/2022,3,4,25
7/19/2022,3,4,35
7/20/2022,3,4,27
7/21/2022,3,4,30
7/22/2022,3,4,48
7/23/2022,3,4,44
7/24/2022,3,4,43
7/25/2022,3,4,38
7/26/2022,3,4,37
7/27/2022,3,4,34
7/28/2022,3,4,47
7/29/2022,3,4,38
7/30/2022,3,4,36
7/31/2022,3,4,28
8/1/2022,3,4,29
8/2/2022,3,4,28
8/3/2022,3,4,26
8/4/2022,3,4,32
8/5/2022,3,4,41
8/6/2022,3,4,38
8/7/2022,3,4,35
8/8/2022,3,4,37
8/9/2022,3,4,26
8/10/2022,3,4,38
8/11/2022,3,4,41
8/12/2022,3,4,45
8/13/2022,3,4,34
8/14/2022,3,4,29
8/15/2022,3,4,32
8/16/2022,3,4,21
8/17/2022,3,4,24
8/18/2022,3,4,40
8/19/2022,3,4,34
8/20/2022,3,4,36
8/21/2022,3,4,18
8/22/2022,3,4,25
8/23/2022,3,4,33
8/24/2022,3,4,33
8/25/2022,3,4,36
8/26/2022,3,4,31
8/27/2022,3,4,42
8/28/2022,3,4,33
8/29/2022,3,4,28
8/30/2022,3,4,22
8/31/2022,3,4,31
9/1/2022,3,4,32
9/2/2022,3,4,30
9/3/2022,3,4,38
9/4/2022,3,4,20
9/5/2022,3,4,28
9/6/2022,3,4,23
9/7/2022,3,4,27
9/8/2022,3,4,35
9/9/2022,3,4,33
9/10/2022,3,4,44
9/11/2022,3,4,17
9/12/2022,3,4,24
9/13/2022,3,4,32
9/14/2022,3,4,31
9/15/2022,3,4,30
9/16/2022,3,4,43
9/17/2022,3,4,39
9/18/2022,3,4,24
9/19/2022,3,4,22
9/20/2022,3,4,18
9/21/2022,3,4,29
9/22/2022,3,4,32
9/23/2022,3,4,25
9/24/2022,3,4,28
9/25/2022,3,4,26
9/26/2022,3,4,22
9/27/2022,3,4,37
9/28/2022,3,4,26
9/29/2022,3,4,27
9/30/2022,3,4,28
10/1/2022,3,4,23
10/2/2022,3,4,17
10/3/2022,3,4,34
10/4/2022,3,4,29
10/5/2022,3,4,20
10/6/2022,3,4,20
10/7/2022,3,4,40
10/8/2022,3,4,28
10/9/2022,3,4,30
10/10/2022,3,4,23
10/11/2022,3,4,24
10/12/2022,3,4,35
10/13/2022,3,4,34
10/14/2022,3,4,41
10/15/2022,3,4,36
10/16/2022,3,4,17
10/17/2022,3,4,26
10/18/2022,3,4,21
10/19/2022,3,4,14
10/20/2022,3,4,24
10/21/2022,3,4,31
10/22/2022,3,4,37
10/23/2022,3,4,21
10/24/2022,3,4,28
10/25/2022,3,4,30
10/26/2022,3,4,28
10/27/2022,3,4,40
10/28/2022,3,4,26
10/29/2022,3,4,27
10/30/2022,3,4,32
10/31/2022,3,4,23
11/1/2022,3,4,22
11/2/2022,3,4,30
11/3/2022,3,4,28
11/4/2022,3,4,27
11/5/2022,3,4,30
11/6/2022,3,4,30
11/7/2022,3,4,30
11/8/2022,3,4,35
11/9/2022,3,4,32
11/10/2022,3,4,34
11/11/2022,3,4,37
11/12/2022,3,4,28
11/13/2022,3,4,17
11/14/2022,3,4,25
11/15/2022,3,4,34
11/16/2022,3,4,25
11/17/2022,3,4,30
11/18/2022,3,4,28
11/19/2022,3,4,37
11/20/2022,3,4,27
11/21/2022,3,4,26
11/22/2022,3,4,24
11/23/2022,3,4,32
11/24/2022,3,4,31
11/25/2022,3,4,19
11/26/2022,3,4,28
11/27/2022,3,4,18
11/28/2022,3,4,22
11/29/2022,3,4,34
11/30/2022,3,4,31
12/1/2022,3,4,24
12/2/2022,3,4,27
12/3/2022,3,4,26
12/4/2022,3,4,18
12/5/2022,3,4,27
12/6/2022,3,4,15
12/7/2022,3,4,30
12/8/2022,3,4,28
12/9/2022,3,4,27
12/10/2022,3,4,20
12/11/2022,3,4,15
12/12/2022,3,4,17
12/13/2022,3,4,17
12/14/2022,3,4,26
12/15/2022,3,4,20
12/16/2022,3,4,15
12/17/2022,3,4,29
12/18/2022,3,4,13
12/19/2022,3,4,16
12/20/2022,3,4,14
12/21/2022,3,4,19
12/22/2022,3,4,21
12/23/2022,3,4,26
12/24/2022,3,4,24
12/25/2022,3,4,16
12/26/2022,3,4,18
12/27/2022,3,4,22
12/28/2022,3,4,18
12/29/2022,3,4,25
12/30/2022,3,4,20
12/31/2022,3,4,30
