date,warehouse,item,sales
1/1/2018,1,6,31
1/2/2018,1,6,36
1/3/2018,1,6,18
1/4/2018,1,6,19
1/5/2018,1,6,31
1/6/2018,1,6,31
1/7/2018,1,6,25
1/8/2018,1,6,29
1/9/2018,1,6,26
1/10/2018,1,6,39
1/11/2018,1,6,36
1/12/2018,1,6,38
1/13/2018,1,6,36
1/14/2018,1,6,20
1/15/2018,1,6,21
1/16/2018,1,6,24
1/17/2018,1,6,33
1/18/2018,1,6,33
1/19/2018,1,6,31
1/20/2018,1,6,34
1/21/2018,1,6,24
1/22/2018,1,6,29
1/23/2018,1,6,19
1/24/2018,1,6,26
1/25/2018,1,6,38
1/26/2018,1,6,36
1/27/2018,1,6,36
1/28/2018,1,6,30
1/29/2018,1,6,21
1/30/2018,1,6,30
1/31/2018,1,6,30
2/1/2018,1,6,46
2/2/2018,1,6,32
2/3/2018,1,6,35
2/4/2018,1,6,24
2/5/2018,1,6,28
2/6/2018,1,6,20
2/7/2018,1,6,33
2/8/2018,1,6,28
2/9/2018,1,6,31
2/10/2018,1,6,39
2/11/2018,1,6,29
2/12/2018,1,6,24
2/13/2018,1,6,26
2/14/2018,1,6,27
2/15/2018,1,6,28
2/16/2018,1,6,31
2/17/2018,1,6,45
2/18/2018,1,6,27
2/19/2018,1,6,32
2/20/2018,1,6,33
2/21/2018,1,6,28
2/22/2018,1,6,33
2/23/2018,1,6,41
2/24/2018,1,6,45
2/25/2018,1,6,39
2/26/2018,1,6,36
2/27/2018,1,6,29
2/28/2018,1,6,26
3/1/2018,1,6,36
3/2/2018,1,6,50
3/3/2018,1,6,56
3/4/2018,1,6,28
3/5/2018,1,6,38
3/6/2018,1,6,36
3/7/2018,1,6,34
3/8/2018,1,6,41
3/9/2018,1,6,51
3/10/2018,1,6,47
3/11/2018,1,6,35
3/12/2018,1,6,34
3/13/2018,1,6,34
3/14/2018,1,6,37
3/15/2018,1,6,42
3/16/2018,1,6,39
3/17/2018,1,6,41
3/18/2018,1,6,36
3/19/2018,1,6,32
3/20/2018,1,6,50
3/21/2018,1,6,44
3/22/2018,1,6,32
3/23/2018,1,6,55
3/24/2018,1,6,53
3/25/2018,1,6,29
3/26/2018,1,6,40
3/27/2018,1,6,29
3/28/2018,1,6,35
3/29/2018,1,6,49
3/30/2018,1,6,37
3/31/2018,1,6,33
4/1/2018,1,6,44
4/2/2018,1,6,46
4/3/2018,1,6,34
4/4/2018,1,6,33
4/5/2018,1,6,54
4/6/2018,1,6,63
4/7/2018,1,6,58
4/8/2018,1,6,33
4/9/2018,1,6,48
4/10/2018,1,6,48
4/11/2018,1,6,45
4/12/2018,1,6,53
4/13/2018,1,6,56
4/14/2018,1,6,52
4/15/2018,1,6,25
4/16/2018,1,6,60
4/17/2018,1,6,43
4/18/2018,1,6,40
4/19/2018,1,6,56
4/20/2018,1,6,52
4/21/2018,1,6,62
4/22/2018,1,6,43
4/23/2018,1,6,43
4/24/2018,1,6,46
4/25/2018,1,6,42
4/26/2018,1,6,63
4/27/2018,1,6,56
4/28/2018,1,6,59
4/29/2018,1,6,26
4/30/2018,1,6,49
5/1/2018,1,6,57
5/2/2018,1,6,51
5/3/2018,1,6,54
5/4/2018,1,6,66
5/5/2018,1,6,68
5/6/2018,1,6,43
5/7/2018,1,6,53
5/8/2018,1,6,52
5/9/2018,1,6,35
5/10/2018,1,6,54
5/11/2018,1,6,49
5/12/2018,1,6,61
5/13/2018,1,6,37
5/14/2018,1,6,35
5/15/2018,1,6,53
5/16/2018,1,6,42
5/17/2018,1,6,74
5/18/2018,1,6,47
5/19/2018,1,6,45
5/20/2018,1,6,51
5/21/2018,1,6,43
5/22/2018,1,6,42
5/23/2018,1,6,56
5/24/2018,1,6,51
5/25/2018,1,6,59
5/26/2018,1,6,59
5/27/2018,1,6,54
5/28/2018,1,6,48
5/29/2018,1,6,48
5/30/2018,1,6,37
5/31/2018,1,6,43
6/1/2018,1,6,57
6/2/2018,1,6,77
6/3/2018,1,6,40
6/4/2018,1,6,55
6/5/2018,1,6,57
6/6/2018,1,6,48
6/7/2018,1,6,61
6/8/2018,1,6,66
6/9/2018,1,6,69
6/10/2018,1,6,43
6/11/2018,1,6,52
6/12/2018,1,6,52
6/13/2018,1,6,64
6/14/2018,1,6,46
6/15/2018,1,6,59
6/16/2018,1,6,62
6/17/2018,1,6,49
6/18/2018,1,6,52
6/19/2018,1,6,43
6/20/2018,1,6,52
6/21/2018,1,6,54
6/22/2018,1,6,58
6/23/2018,1,6,58
6/24/2018,1,6,57
6/25/2018,1,6,50
6/26/2018,1,6,48
6/27/2018,1,6,40
6/28/2018,1,6,49
6/29/2018,1,6,49
6/30/2018,1,6,53
7/1/2018,1,6,54
7/2/2018,1,6,50
7/3/2018,1,6,55
7/4/2018,1,6,37
7/5/2018,1,6,60
7/6/2018,1,6,63
7/7/2018,1,6,79
7/8/2018,1,6,52
7/9/2018,1,6,58
7/10/2018,1,6,58
7/11/2018,1,6,57
7/12/2018,1,6,54
7/13/2018,1,6,65
7/14/2018,1,6,73
7/15/2018,1,6,42
7/16/2018,1,6,51
7/17/2018,1,6,56
7/18/2018,1,6,48
7/19/2018,1,6,47
7/20/2018,1,6,67
7/21/2018,1,6,66
7/22/2018,1,6,47
7/23/2018,1,6,57
7/24/2018,1,6,49
7/25/2018,1,6,51
7/26/2018,1,6,68
7/27/2018,1,6,69
7/28/2018,1,6,80
7/29/2018,1,6,37
7/30/2018,1,6,62
7/31/2018,1,6,43
8/1/2018,1,6,60
8/2/2018,1,6,50
8/3/2018,1,6,48
8/4/2018,1,6,46
8/5/2018,1,6,36
8/6/2018,1,6,55
8/7/2018,1,6,48
8/8/2018,1,6,41
8/9/2018,1,6,62
8/10/2018,1,6,52
8/11/2018,1,6,71
8/12/2018,1,6,37
8/13/2018,1,6,56
8/14/2018,1,6,63
8/15/2018,1,6,52
8/16/2018,1,6,63
8/17/2018,1,6,61
8/18/2018,1,6,57
8/19/2018,1,6,37
8/20/2018,1,6,50
8/21/2018,1,6,44
8/22/2018,1,6,60
8/23/2018,1,6,50
8/24/2018,1,6,47
8/25/2018,1,6,46
8/26/2018,1,6,43
8/27/2018,1,6,32
8/28/2018,1,6,50
8/29/2018,1,6,46
8/30/2018,1,6,57
8/31/2018,1,6,53
9/1/2018,1,6,62
9/2/2018,1,6,28
9/3/2018,1,6,36
9/4/2018,1,6,37
9/5/2018,1,6,47
9/6/2018,1,6,60
9/7/2018,1,6,63
9/8/2018,1,6,61
9/9/2018,1,6,28
9/10/2018,1,6,41
9/11/2018,1,6,43
9/12/2018,1,6,47
9/13/2018,1,6,49
9/14/2018,1,6,51
9/15/2018,1,6,62
9/16/2018,1,6,39
9/17/2018,1,6,41
9/18/2018,1,6,46
9/19/2018,1,6,41
9/20/2018,1,6,61
9/21/2018,1,6,59
9/22/2018,1,6,49
9/23/2018,1,6,34
9/24/2018,1,6,38
9/25/2018,1,6,37
9/26/2018,1,6,52
9/27/2018,1,6,56
9/28/2018,1,6,52
9/29/2018,1,6,54
9/30/2018,1,6,39
10/1/2018,1,6,33
10/2/2018,1,6,42
10/3/2018,1,6,38
10/4/2018,1,6,47
10/5/2018,1,6,55
10/6/2018,1,6,55
10/7/2018,1,6,23
10/8/2018,1,6,53
10/9/2018,1,6,50
10/10/2018,1,6,38
10/11/2018,1,6,45
10/12/2018,1,6,59
10/13/2018,1,6,44
10/14/2018,1,6,33
10/15/2018,1,6,34
10/16/2018,1,6,37
10/17/2018,1,6,51
10/18/2018,1,6,51
10/19/2018,1,6,53
10/20/2018,1,6,46
10/21/2018,1,6,44
10/22/2018,1,6,38
10/23/2018,1,6,51
10/24/2018,1,6,44
10/25/2018,1,6,50
10/26/2018,1,6,58
10/27/2018,1,6,52
10/28/2018,1,6,28
10/29/2018,1,6,38
10/30/2018,1,6,44
10/31/2018,1,6,37
11/1/2018,1,6,38
11/2/2018,1,6,63
11/3/2018,1,6,58
11/4/2018,1,6,36
11/5/2018,1,6,45
11/6/2018,1,6,45
11/7/2018,1,6,40
11/8/2018,1,6,48
11/9/2018,1,6,58
11/10/2018,1,6,57
11/11/2018,1,6,32
11/12/2018,1,6,50
11/13/2018,1,6,32
11/14/2018,1,6,51
11/15/2018,1,6,40
11/16/2018,1,6,47
11/17/2018,1,6,63
11/18/2018,1,6,36
11/19/2018,1,6,50
11/20/2018,1,6,38
11/21/2018,1,6,43
11/22/2018,1,6,52
11/23/2018,1,6,47
11/24/2018,1,6,43
11/25/2018,1,6,39
11/26/2018,1,6,36
11/27/2018,1,6,47
11/28/2018,1,6,41
11/29/2018,1,6,57
11/30/2018,1,6,50
12/1/2018,1,6,33
12/2/2018,1,6,22
12/3/2018,1,6,25
12/4/2018,1,6,34
12/5/2018,1,6,33
12/6/2018,1,6,46
12/7/2018,1,6,39
12/8/2018,1,6,41
12/9/2018,1,6,30
12/10/2018,1,6,24
12/11/2018,1,6,26
12/12/2018,1,6,38
12/13/2018,1,6,33
12/14/2018,1,6,26
12/15/2018,1,6,43
12/16/2018,1,6,25
12/17/2018,1,6,34
12/18/2018,1,6,27
12/19/2018,1,6,38
12/20/2018,1,6,32
12/21/2018,1,6,51
12/22/2018,1,6,37
12/23/2018,1,6,18
12/24/2018,1,6,27
12/25/2018,1,6,38
12/26/2018,1,6,39
12/27/2018,1,6,36
12/28/2018,1,6,31
12/29/2018,1,6,45
12/30/2018,1,6,24
12/31/2018,1,6,36
1/1/2019,1,6,30
1/2/2019,1,6,41
1/3/2019,1,6,41
1/4/2019,1,6,37
1/5/2019,1,6,47
1/6/2019,1,6,31
1/7/2019,1,6,37
1/8/2019,1,6,34
1/9/2019,1,6,31
1/10/2019,1,6,35
1/11/2019,1,6,45
1/12/2019,1,6,38
1/13/2019,1,6,32
1/14/2019,1,6,27
1/15/2019,1,6,26
1/16/2019,1,6,26
1/17/2019,1,6,31
1/18/2019,1,6,40
1/19/2019,1,6,41
1/20/2019,1,6,22
1/21/2019,1,6,20
1/22/2019,1,6,36
1/23/2019,1,6,37
1/24/2019,1,6,42
1/25/2019,1,6,29
1/26/2019,1,6,40
1/27/2019,1,6,27
1/28/2019,1,6,39
1/29/2019,1,6,26
1/30/2019,1,6,26
1/31/2019,1,6,28
2/1/2019,1,6,43
2/2/2019,1,6,55
2/3/2019,1,6,41
2/4/2019,1,6,41
2/5/2019,1,6,32
2/6/2019,1,6,34
2/7/2019,1,6,44
2/8/2019,1,6,39
2/9/2019,1,6,51
2/10/2019,1,6,19
2/11/2019,1,6,38
2/12/2019,1,6,27
2/13/2019,1,6,40
2/14/2019,1,6,48
2/15/2019,1,6,48
2/16/2019,1,6,36
2/17/2019,1,6,34
2/18/2019,1,6,37
2/19/2019,1,6,44
2/20/2019,1,6,38
2/21/2019,1,6,36
2/22/2019,1,6,36
2/23/2019,1,6,44
2/24/2019,1,6,27
2/25/2019,1,6,39
2/26/2019,1,6,31
2/27/2019,1,6,38
2/28/2019,1,6,49
3/1/2019,1,6,59
3/2/2019,1,6,52
3/3/2019,1,6,37
3/4/2019,1,6,43
3/5/2019,1,6,43
3/6/2019,1,6,44
3/7/2019,1,6,53
3/8/2019,1,6,52
3/9/2019,1,6,57
3/10/2019,1,6,38
3/11/2019,1,6,36
3/12/2019,1,6,49
3/13/2019,1,6,49
3/14/2019,1,6,47
3/15/2019,1,6,54
3/16/2019,1,6,51
3/17/2019,1,6,38
3/18/2019,1,6,43
3/19/2019,1,6,46
3/20/2019,1,6,38
3/21/2019,1,6,53
3/22/2019,1,6,50
3/23/2019,1,6,61
3/24/2019,1,6,37
3/25/2019,1,6,41
3/26/2019,1,6,39
3/27/2019,1,6,46
3/28/2019,1,6,49
3/29/2019,1,6,53
3/30/2019,1,6,65
3/31/2019,1,6,37
4/1/2019,1,6,44
4/2/2019,1,6,63
4/3/2019,1,6,43
4/4/2019,1,6,71
4/5/2019,1,6,66
4/6/2019,1,6,78
4/7/2019,1,6,58
4/8/2019,1,6,45
4/9/2019,1,6,43
4/10/2019,1,6,58
4/11/2019,1,6,54
4/12/2019,1,6,61
4/13/2019,1,6,57
4/14/2019,1,6,33
4/15/2019,1,6,70
4/16/2019,1,6,56
4/17/2019,1,6,53
4/18/2019,1,6,54
4/19/2019,1,6,52
4/20/2019,1,6,51
4/21/2019,1,6,37
4/22/2019,1,6,40
4/23/2019,1,6,44
4/24/2019,1,6,57
4/25/2019,1,6,50
4/26/2019,1,6,60
4/27/2019,1,6,61
4/28/2019,1,6,53
4/29/2019,1,6,40
4/30/2019,1,6,59
5/1/2019,1,6,55
5/2/2019,1,6,69
5/3/2019,1,6,54
5/4/2019,1,6,86
5/5/2019,1,6,41
5/6/2019,1,6,41
5/7/2019,1,6,42
5/8/2019,1,6,58
5/9/2019,1,6,59
5/10/2019,1,6,66
5/11/2019,1,6,58
5/12/2019,1,6,42
5/13/2019,1,6,52
5/14/2019,1,6,47
5/15/2019,1,6,56
5/16/2019,1,6,54
5/17/2019,1,6,79
5/18/2019,1,6,66
5/19/2019,1,6,43
5/20/2019,1,6,63
5/21/2019,1,6,54
5/22/2019,1,6,60
5/23/2019,1,6,46
5/24/2019,1,6,67
5/25/2019,1,6,67
5/26/2019,1,6,45
5/27/2019,1,6,56
5/28/2019,1,6,48
5/29/2019,1,6,56
5/30/2019,1,6,75
5/31/2019,1,6,58
6/1/2019,1,6,63
6/2/2019,1,6,40
6/3/2019,1,6,68
6/4/2019,1,6,50
6/5/2019,1,6,66
6/6/2019,1,6,61
6/7/2019,1,6,55
6/8/2019,1,6,62
6/9/2019,1,6,47
6/10/2019,1,6,43
6/11/2019,1,6,65
6/12/2019,1,6,57
6/13/2019,1,6,61
6/14/2019,1,6,69
6/15/2019,1,6,71
6/16/2019,1,6,36
6/17/2019,1,6,61
6/18/2019,1,6,65
6/19/2019,1,6,65
6/20/2019,1,6,60
6/21/2019,1,6,82
6/22/2019,1,6,82
6/23/2019,1,6,52
6/24/2019,1,6,41
6/25/2019,1,6,80
6/26/2019,1,6,50
6/27/2019,1,6,74
6/28/2019,1,6,74
6/29/2019,1,6,63
6/30/2019,1,6,48
7/1/2019,1,6,56
7/2/2019,1,6,57
7/3/2019,1,6,57
7/4/2019,1,6,73
7/5/2019,1,6,55
7/6/2019,1,6,71
7/7/2019,1,6,59
7/8/2019,1,6,50
7/9/2019,1,6,56
7/10/2019,1,6,71
7/11/2019,1,6,66
7/12/2019,1,6,71
7/13/2019,1,6,73
7/14/2019,1,6,64
7/15/2019,1,6,65
7/16/2019,1,6,79
7/17/2019,1,6,78
7/18/2019,1,6,62
7/19/2019,1,6,74
7/20/2019,1,6,64
7/21/2019,1,6,57
7/22/2019,1,6,65
7/23/2019,1,6,59
7/24/2019,1,6,77
7/25/2019,1,6,70
7/26/2019,1,6,66
7/27/2019,1,6,96
7/28/2019,1,6,54
7/29/2019,1,6,59
7/30/2019,1,6,65
7/31/2019,1,6,72
8/1/2019,1,6,69
8/2/2019,1,6,66
8/3/2019,1,6,64
8/4/2019,1,6,52
8/5/2019,1,6,46
8/6/2019,1,6,60
8/7/2019,1,6,61
8/8/2019,1,6,51
8/9/2019,1,6,66
8/10/2019,1,6,73
8/11/2019,1,6,41
8/12/2019,1,6,58
8/13/2019,1,6,44
8/14/2019,1,6,51
8/15/2019,1,6,52
8/16/2019,1,6,69
8/17/2019,1,6,66
8/18/2019,1,6,54
8/19/2019,1,6,50
8/20/2019,1,6,62
8/21/2019,1,6,51
8/22/2019,1,6,52
8/23/2019,1,6,76
8/24/2019,1,6,72
8/25/2019,1,6,55
8/26/2019,1,6,58
8/27/2019,1,6,60
8/28/2019,1,6,56
8/29/2019,1,6,54
8/30/2019,1,6,66
8/31/2019,1,6,53
9/1/2019,1,6,45
9/2/2019,1,6,60
9/3/2019,1,6,52
9/4/2019,1,6,55
9/5/2019,1,6,61
9/6/2019,1,6,48
9/7/2019,1,6,67
9/8/2019,1,6,57
9/9/2019,1,6,46
9/10/2019,1,6,37
9/11/2019,1,6,63
9/12/2019,1,6,56
9/13/2019,1,6,64
9/14/2019,1,6,63
9/15/2019,1,6,40
9/16/2019,1,6,54
9/17/2019,1,6,50
9/18/2019,1,6,39
9/19/2019,1,6,53
9/20/2019,1,6,68
9/21/2019,1,6,63
9/22/2019,1,6,29
9/23/2019,1,6,51
9/24/2019,1,6,59
9/25/2019,1,6,43
9/26/2019,1,6,65
9/27/2019,1,6,64
9/28/2019,1,6,62
9/29/2019,1,6,35
9/30/2019,1,6,50
10/1/2019,1,6,40
10/2/2019,1,6,50
10/3/2019,1,6,61
10/4/2019,1,6,53
10/5/2019,1,6,42
10/6/2019,1,6,41
10/7/2019,1,6,40
10/8/2019,1,6,49
10/9/2019,1,6,46
10/10/2019,1,6,51
10/11/2019,1,6,40
10/12/2019,1,6,52
10/13/2019,1,6,41
10/14/2019,1,6,54
10/15/2019,1,6,47
10/16/2019,1,6,48
10/17/2019,1,6,52
10/18/2019,1,6,57
10/19/2019,1,6,61
10/20/2019,1,6,36
10/21/2019,1,6,43
10/22/2019,1,6,47
10/23/2019,1,6,50
10/24/2019,1,6,50
10/25/2019,1,6,56
10/26/2019,1,6,56
10/27/2019,1,6,41
10/28/2019,1,6,45
10/29/2019,1,6,55
10/30/2019,1,6,46
10/31/2019,1,6,69
11/1/2019,1,6,55
11/2/2019,1,6,65
11/3/2019,1,6,43
11/4/2019,1,6,62
11/5/2019,1,6,46
11/6/2019,1,6,52
11/7/2019,1,6,50
11/8/2019,1,6,70
11/9/2019,1,6,54
11/10/2019,1,6,33
11/11/2019,1,6,48
11/12/2019,1,6,46
11/13/2019,1,6,53
11/14/2019,1,6,58
11/15/2019,1,6,54
11/16/2019,1,6,63
11/17/2019,1,6,41
11/18/2019,1,6,43
11/19/2019,1,6,38
11/20/2019,1,6,49
11/21/2019,1,6,61
11/22/2019,1,6,64
11/23/2019,1,6,64
11/24/2019,1,6,27
11/25/2019,1,6,60
11/26/2019,1,6,55
11/27/2019,1,6,55
11/28/2019,1,6,49
11/29/2019,1,6,72
11/30/2019,1,6,74
12/1/2019,1,6,27
12/2/2019,1,6,36
12/3/2019,1,6,36
12/4/2019,1,6,28
12/5/2019,1,6,35
12/6/2019,1,6,47
12/7/2019,1,6,32
12/8/2019,1,6,27
12/9/2019,1,6,25
12/10/2019,1,6,26
12/11/2019,1,6,40
12/12/2019,1,6,44
12/13/2019,1,6,45
12/14/2019,1,6,42
12/15/2019,1,6,24
12/16/2019,1,6,49
12/17/2019,1,6,31
12/18/2019,1,6,48
12/19/2019,1,6,34
12/20/2019,1,6,34
12/21/2019,1,6,52
12/22/2019,1,6,28
12/23/2019,1,6,39
12/24/2019,1,6,32
12/25/2019,1,6,41
12/26/2019,1,6,42
12/27/2019,1,6,52
12/28/2019,1,6,50
12/29/2019,1,6,29
12/30/2019,1,6,36
12/31/2019,1,6,40
1/1/2020,1,6,32
1/2/2020,1,6,33
1/3/2020,1,6,32
1/4/2020,1,6,44
1/5/2020,1,6,30
1/6/2020,1,6,34
1/7/2020,1,6,37
1/8/2020,1,6,43
1/9/2020,1,6,41
1/10/2020,1,6,39
1/11/2020,1,6,43
1/12/2020,1,6,17
1/13/2020,1,6,42
1/14/2020,1,6,25
1/15/2020,1,6,35
1/16/2020,1,6,28
1/17/2020,1,6,39
1/18/2020,1,6,43
1/19/2020,1,6,30
1/20/2020,1,6,30
1/21/2020,1,6,28
1/22/2020,1,6,33
1/23/2020,1,6,30
1/24/2020,1,6,43
1/25/2020,1,6,40
1/26/2020,1,6,35
1/27/2020,1,6,38
1/28/2020,1,6,25
1/29/2020,1,6,32
1/30/2020,1,6,39
1/31/2020,1,6,51
2/1/2020,1,6,43
2/2/2020,1,6,29
2/3/2020,1,6,37
2/4/2020,1,6,40
2/5/2020,1,6,39
2/6/2020,1,6,50
2/7/2020,1,6,42
2/8/2020,1,6,48
2/9/2020,1,6,41
2/10/2020,1,6,35
2/11/2020,1,6,38
2/12/2020,1,6,37
2/13/2020,1,6,42
2/14/2020,1,6,49
2/15/2020,1,6,52
2/16/2020,1,6,23
2/17/2020,1,6,40
2/18/2020,1,6,31
2/19/2020,1,6,45
2/20/2020,1,6,38
2/21/2020,1,6,47
2/22/2020,1,6,52
2/23/2020,1,6,31
2/24/2020,1,6,43
2/25/2020,1,6,31
2/26/2020,1,6,39
2/27/2020,1,6,37
2/28/2020,1,6,37
3/1/2020,1,6,44
3/2/2020,1,6,41
3/3/2020,1,6,44
3/4/2020,1,6,49
3/5/2020,1,6,59
3/6/2020,1,6,49
3/7/2020,1,6,52
3/8/2020,1,6,58
3/9/2020,1,6,35
3/10/2020,1,6,41
3/11/2020,1,6,59
3/12/2020,1,6,36
3/13/2020,1,6,68
3/14/2020,1,6,50
3/15/2020,1,6,56
3/16/2020,1,6,35
3/17/2020,1,6,44
3/18/2020,1,6,38
3/19/2020,1,6,40
3/20/2020,1,6,54
3/21/2020,1,6,58
3/22/2020,1,6,61
3/23/2020,1,6,38
3/24/2020,1,6,42
3/25/2020,1,6,40
3/26/2020,1,6,57
3/27/2020,1,6,46
3/28/2020,1,6,42
3/29/2020,1,6,45
3/30/2020,1,6,34
3/31/2020,1,6,49
4/1/2020,1,6,51
4/2/2020,1,6,57
4/3/2020,1,6,69
4/4/2020,1,6,70
4/5/2020,1,6,66
4/6/2020,1,6,41
4/7/2020,1,6,42
4/8/2020,1,6,58
4/9/2020,1,6,57
4/10/2020,1,6,49
4/11/2020,1,6,70
4/12/2020,1,6,54
4/13/2020,1,6,41
4/14/2020,1,6,52
4/15/2020,1,6,52
4/16/2020,1,6,44
4/17/2020,1,6,55
4/18/2020,1,6,62
4/19/2020,1,6,70
4/20/2020,1,6,33
4/21/2020,1,6,49
4/22/2020,1,6,60
4/23/2020,1,6,59
4/24/2020,1,6,56
4/25/2020,1,6,61
4/26/2020,1,6,54
4/27/2020,1,6,40
4/28/2020,1,6,55
4/29/2020,1,6,39
4/30/2020,1,6,57
5/1/2020,1,6,74
5/2/2020,1,6,63
5/3/2020,1,6,78
5/4/2020,1,6,58
5/5/2020,1,6,56
5/6/2020,1,6,56
5/7/2020,1,6,57
5/8/2020,1,6,58
5/9/2020,1,6,65
5/10/2020,1,6,71
5/11/2020,1,6,57
5/12/2020,1,6,44
5/13/2020,1,6,49
5/14/2020,1,6,64
5/15/2020,1,6,69
5/16/2020,1,6,60
5/17/2020,1,6,86
5/18/2020,1,6,52
5/19/2020,1,6,72
5/20/2020,1,6,57
5/21/2020,1,6,62
5/22/2020,1,6,59
5/23/2020,1,6,67
5/24/2020,1,6,74
5/25/2020,1,6,45
5/26/2020,1,6,63
5/27/2020,1,6,58
5/28/2020,1,6,63
5/29/2020,1,6,57
5/30/2020,1,6,62
5/31/2020,1,6,83
6/1/2020,1,6,40
6/2/2020,1,6,60
6/3/2020,1,6,58
6/4/2020,1,6,66
6/5/2020,1,6,76
6/6/2020,1,6,59
6/7/2020,1,6,63
6/8/2020,1,6,51
6/9/2020,1,6,50
6/10/2020,1,6,63
6/11/2020,1,6,62
6/12/2020,1,6,64
6/13/2020,1,6,71
6/14/2020,1,6,59
6/15/2020,1,6,55
6/16/2020,1,6,71
6/17/2020,1,6,51
6/18/2020,1,6,69
6/19/2020,1,6,74
6/20/2020,1,6,69
6/21/2020,1,6,67
6/22/2020,1,6,54
6/23/2020,1,6,59
6/24/2020,1,6,65
6/25/2020,1,6,62
6/26/2020,1,6,71
6/27/2020,1,6,71
6/28/2020,1,6,70
6/29/2020,1,6,43
6/30/2020,1,6,59
7/1/2020,1,6,61
7/2/2020,1,6,57
7/3/2020,1,6,75
7/4/2020,1,6,73
7/5/2020,1,6,73
7/6/2020,1,6,44
7/7/2020,1,6,56
7/8/2020,1,6,69
7/9/2020,1,6,52
7/10/2020,1,6,62
7/11/2020,1,6,85
7/12/2020,1,6,73
7/13/2020,1,6,62
7/14/2020,1,6,56
7/15/2020,1,6,66
7/16/2020,1,6,70
7/17/2020,1,6,76
7/18/2020,1,6,63
7/19/2020,1,6,87
7/20/2020,1,6,48
7/21/2020,1,6,54
7/22/2020,1,6,69
7/23/2020,1,6,63
7/24/2020,1,6,64
7/25/2020,1,6,99
7/26/2020,1,6,91
7/27/2020,1,6,64
7/28/2020,1,6,59
7/29/2020,1,6,70
7/30/2020,1,6,65
7/31/2020,1,6,49
8/1/2020,1,6,68
8/2/2020,1,6,62
8/3/2020,1,6,57
8/4/2020,1,6,56
8/5/2020,1,6,65
8/6/2020,1,6,63
8/7/2020,1,6,66
8/8/2020,1,6,69
8/9/2020,1,6,79
8/10/2020,1,6,39
8/11/2020,1,6,44
8/12/2020,1,6,51
8/13/2020,1,6,56
8/14/2020,1,6,65
8/15/2020,1,6,59
8/16/2020,1,6,74
8/17/2020,1,6,52
8/18/2020,1,6,44
8/19/2020,1,6,49
8/20/2020,1,6,47
8/21/2020,1,6,65
8/22/2020,1,6,67
8/23/2020,1,6,62
8/24/2020,1,6,39
8/25/2020,1,6,62
8/26/2020,1,6,62
8/27/2020,1,6,43
8/28/2020,1,6,51
8/29/2020,1,6,72
8/30/2020,1,6,93
8/31/2020,1,6,42
9/1/2020,1,6,51
9/2/2020,1,6,67
9/3/2020,1,6,58
9/4/2020,1,6,57
9/5/2020,1,6,67
9/6/2020,1,6,69
9/7/2020,1,6,49
9/8/2020,1,6,48
9/9/2020,1,6,47
9/10/2020,1,6,53
9/11/2020,1,6,55
9/12/2020,1,6,61
9/13/2020,1,6,74
9/14/2020,1,6,46
9/15/2020,1,6,51
9/16/2020,1,6,35
9/17/2020,1,6,45
9/18/2020,1,6,67
9/19/2020,1,6,62
9/20/2020,1,6,66
9/21/2020,1,6,44
9/22/2020,1,6,53
9/23/2020,1,6,62
9/24/2020,1,6,53
9/25/2020,1,6,60
9/26/2020,1,6,67
9/27/2020,1,6,63
9/28/2020,1,6,38
9/29/2020,1,6,48
9/30/2020,1,6,59
10/1/2020,1,6,54
10/2/2020,1,6,44
10/3/2020,1,6,48
10/4/2020,1,6,68
10/5/2020,1,6,47
10/6/2020,1,6,50
10/7/2020,1,6,34
10/8/2020,1,6,52
10/9/2020,1,6,54
10/10/2020,1,6,67
10/11/2020,1,6,56
10/12/2020,1,6,39
10/13/2020,1,6,61
10/14/2020,1,6,54
10/15/2020,1,6,36
10/16/2020,1,6,67
10/17/2020,1,6,48
10/18/2020,1,6,61
10/19/2020,1,6,33
10/20/2020,1,6,47
10/21/2020,1,6,61
10/22/2020,1,6,63
10/23/2020,1,6,52
10/24/2020,1,6,58
10/25/2020,1,6,56
10/26/2020,1,6,34
10/27/2020,1,6,50
10/28/2020,1,6,36
10/29/2020,1,6,48
10/30/2020,1,6,66
10/31/2020,1,6,50
11/1/2020,1,6,66
11/2/2020,1,6,41
11/3/2020,1,6,48
11/4/2020,1,6,68
11/5/2020,1,6,64
11/6/2020,1,6,54
11/7/2020,1,6,60
11/8/2020,1,6,60
11/9/2020,1,6,41
11/10/2020,1,6,49
11/11/2020,1,6,51
11/12/2020,1,6,53
11/13/2020,1,6,49
11/14/2020,1,6,49
11/15/2020,1,6,55
11/16/2020,1,6,33
11/17/2020,1,6,47
11/18/2020,1,6,46
11/19/2020,1,6,42
11/20/2020,1,6,75
11/21/2020,1,6,60
11/22/2020,1,6,62
11/23/2020,1,6,46
11/24/2020,1,6,50
11/25/2020,1,6,42
11/26/2020,1,6,58
11/27/2020,1,6,51
11/28/2020,1,6,61
11/29/2020,1,6,62
11/30/2020,1,6,47
12/1/2020,1,6,37
12/2/2020,1,6,39
12/3/2020,1,6,44
12/4/2020,1,6,30
12/5/2020,1,6,54
12/6/2020,1,6,47
12/7/2020,1,6,26
12/8/2020,1,6,35
12/9/2020,1,6,41
12/10/2020,1,6,34
12/11/2020,1,6,51
12/12/2020,1,6,47
12/13/2020,1,6,43
12/14/2020,1,6,32
12/15/2020,1,6,32
12/16/2020,1,6,44
12/17/2020,1,6,36
12/18/2020,1,6,25
12/19/2020,1,6,40
12/20/2020,1,6,41
12/21/2020,1,6,27
12/22/2020,1,6,32
12/23/2020,1,6,42
12/24/2020,1,6,51
12/25/2020,1,6,42
12/26/2020,1,6,53
12/27/2020,1,6,58
12/28/2020,1,6,26
12/29/2020,1,6,41
12/30/2020,1,6,38
12/31/2020,1,6,40
1/1/2021,1,6,34
1/2/2021,1,6,36
1/3/2021,1,6,60
1/4/2021,1,6,23
1/5/2021,1,6,40
1/6/2021,1,6,37
1/7/2021,1,6,41
1/8/2021,1,6,41
1/9/2021,1,6,54
1/10/2021,1,6,37
1/11/2021,1,6,26
1/12/2021,1,6,37
1/13/2021,1,6,40
1/14/2021,1,6,43
1/15/2021,1,6,43
1/16/2021,1,6,40
1/17/2021,1,6,46
1/18/2021,1,6,24
1/19/2021,1,6,39
1/20/2021,1,6,36
1/21/2021,1,6,38
1/22/2021,1,6,41
1/23/2021,1,6,52
1/24/2021,1,6,43
1/25/2021,1,6,32
1/26/2021,1,6,47
1/27/2021,1,6,31
1/28/2021,1,6,45
1/29/2021,1,6,38
1/30/2021,1,6,45
1/31/2021,1,6,56
2/1/2021,1,6,35
2/2/2021,1,6,39
2/3/2021,1,6,43
2/4/2021,1,6,40
2/5/2021,1,6,53
2/6/2021,1,6,59
2/7/2021,1,6,47
2/8/2021,1,6,26
2/9/2021,1,6,49
2/10/2021,1,6,43
2/11/2021,1,6,40
2/12/2021,1,6,46
2/13/2021,1,6,60
2/14/2021,1,6,54
2/15/2021,1,6,43
2/16/2021,1,6,42
2/17/2021,1,6,36
2/18/2021,1,6,48
2/19/2021,1,6,40
2/20/2021,1,6,63
2/21/2021,1,6,60
2/22/2021,1,6,37
2/23/2021,1,6,31
2/24/2021,1,6,35
2/25/2021,1,6,43
2/26/2021,1,6,40
2/27/2021,1,6,58
2/28/2021,1,6,52
2/29/2021,1,6,40
3/1/2021,1,6,53
3/2/2021,1,6,54
3/3/2021,1,6,53
3/4/2021,1,6,74
3/5/2021,1,6,73
3/6/2021,1,6,75
3/7/2021,1,6,51
3/8/2021,1,6,51
3/9/2021,1,6,48
3/10/2021,1,6,46
3/11/2021,1,6,65
3/12/2021,1,6,51
3/13/2021,1,6,66
3/14/2021,1,6,49
3/15/2021,1,6,56
3/16/2021,1,6,46
3/17/2021,1,6,43
3/18/2021,1,6,62
3/19/2021,1,6,55
3/20/2021,1,6,50
3/21/2021,1,6,55
3/22/2021,1,6,49
3/23/2021,1,6,58
3/24/2021,1,6,58
3/25/2021,1,6,56
3/26/2021,1,6,58
3/27/2021,1,6,62
3/28/2021,1,6,42
3/29/2021,1,6,60
3/30/2021,1,6,37
3/31/2021,1,6,50
4/1/2021,1,6,63
4/2/2021,1,6,78
4/3/2021,1,6,59
4/4/2021,1,6,45
4/5/2021,1,6,51
4/6/2021,1,6,54
4/7/2021,1,6,52
4/8/2021,1,6,65
4/9/2021,1,6,62
4/10/2021,1,6,71
4/11/2021,1,6,57
4/12/2021,1,6,47
4/13/2021,1,6,46
4/14/2021,1,6,74
4/15/2021,1,6,65
4/16/2021,1,6,77
4/17/2021,1,6,72
4/18/2021,1,6,43
4/19/2021,1,6,59
4/20/2021,1,6,51
4/21/2021,1,6,65
4/22/2021,1,6,58
4/23/2021,1,6,80
4/24/2021,1,6,75
4/25/2021,1,6,44
4/26/2021,1,6,70
4/27/2021,1,6,47
4/28/2021,1,6,67
4/29/2021,1,6,62
4/30/2021,1,6,70
5/1/2021,1,6,75
5/2/2021,1,6,53
5/3/2021,1,6,51
5/4/2021,1,6,60
5/5/2021,1,6,62
5/6/2021,1,6,73
5/7/2021,1,6,70
5/8/2021,1,6,74
5/9/2021,1,6,49
5/10/2021,1,6,62
5/11/2021,1,6,76
5/12/2021,1,6,76
5/13/2021,1,6,56
5/14/2021,1,6,84
5/15/2021,1,6,95
5/16/2021,1,6,56
5/17/2021,1,6,43
5/18/2021,1,6,47
5/19/2021,1,6,71
5/20/2021,1,6,58
5/21/2021,1,6,71
5/22/2021,1,6,87
5/23/2021,1,6,49
5/24/2021,1,6,63
5/25/2021,1,6,50
5/26/2021,1,6,57
5/27/2021,1,6,69
5/28/2021,1,6,81
5/29/2021,1,6,71
5/30/2021,1,6,65
5/31/2021,1,6,67
6/1/2021,1,6,69
6/2/2021,1,6,60
6/3/2021,1,6,89
6/4/2021,1,6,81
6/5/2021,1,6,81
6/6/2021,1,6,52
6/7/2021,1,6,54
6/8/2021,1,6,71
6/9/2021,1,6,58
6/10/2021,1,6,75
6/11/2021,1,6,76
6/12/2021,1,6,74
6/13/2021,1,6,51
6/14/2021,1,6,59
6/15/2021,1,6,61
6/16/2021,1,6,67
6/17/2021,1,6,80
6/18/2021,1,6,68
6/19/2021,1,6,73
6/20/2021,1,6,56
6/21/2021,1,6,54
6/22/2021,1,6,74
6/23/2021,1,6,70
6/24/2021,1,6,77
6/25/2021,1,6,76
6/26/2021,1,6,73
6/27/2021,1,6,40
6/28/2021,1,6,65
6/29/2021,1,6,66
6/30/2021,1,6,68
7/1/2021,1,6,74
7/2/2021,1,6,83
7/3/2021,1,6,96
7/4/2021,1,6,56
7/5/2021,1,6,57
7/6/2021,1,6,81
7/7/2021,1,6,69
7/8/2021,1,6,87
7/9/2021,1,6,77
7/10/2021,1,6,90
7/11/2021,1,6,65
7/12/2021,1,6,73
7/13/2021,1,6,70
7/14/2021,1,6,70
7/15/2021,1,6,82
7/16/2021,1,6,84
7/17/2021,1,6,94
7/18/2021,1,6,53
7/19/2021,1,6,91
7/20/2021,1,6,75
7/21/2021,1,6,71
7/22/2021,1,6,81
7/23/2021,1,6,63
7/24/2021,1,6,88
7/25/2021,1,6,62
7/26/2021,1,6,83
7/27/2021,1,6,71
7/28/2021,1,6,77
7/29/2021,1,6,76
7/30/2021,1,6,77
7/31/2021,1,6,103
8/1/2021,1,6,46
8/2/2021,1,6,65
8/3/2021,1,6,59
8/4/2021,1,6,59
8/5/2021,1,6,77
8/6/2021,1,6,65
8/7/2021,1,6,77
8/8/2021,1,6,64
8/9/2021,1,6,66
8/10/2021,1,6,55
8/11/2021,1,6,81
8/12/2021,1,6,72
8/13/2021,1,6,71
8/14/2021,1,6,77
8/15/2021,1,6,41
8/16/2021,1,6,73
8/17/2021,1,6,62
8/18/2021,1,6,75
8/19/2021,1,6,67
8/20/2021,1,6,74
8/21/2021,1,6,76
8/22/2021,1,6,50
8/23/2021,1,6,70
8/24/2021,1,6,55
8/25/2021,1,6,74
8/26/2021,1,6,64
8/27/2021,1,6,69
8/28/2021,1,6,93
8/29/2021,1,6,55
8/30/2021,1,6,53
8/31/2021,1,6,62
9/1/2021,1,6,64
9/2/2021,1,6,81
9/3/2021,1,6,56
9/4/2021,1,6,81
9/5/2021,1,6,39
9/6/2021,1,6,54
9/7/2021,1,6,56
9/8/2021,1,6,68
9/9/2021,1,6,64
9/10/2021,1,6,74
9/11/2021,1,6,72
9/12/2021,1,6,45
9/13/2021,1,6,50
9/14/2021,1,6,60
9/15/2021,1,6,64
9/16/2021,1,6,69
9/17/2021,1,6,84
9/18/2021,1,6,59
9/19/2021,1,6,42
9/20/2021,1,6,53
9/21/2021,1,6,63
9/22/2021,1,6,59
9/23/2021,1,6,64
9/24/2021,1,6,59
9/25/2021,1,6,63
9/26/2021,1,6,52
9/27/2021,1,6,50
9/28/2021,1,6,60
9/29/2021,1,6,56
9/30/2021,1,6,75
10/1/2021,1,6,68
10/2/2021,1,6,65
10/3/2021,1,6,57
10/4/2021,1,6,45
10/5/2021,1,6,39
10/6/2021,1,6,55
10/7/2021,1,6,56
10/8/2021,1,6,77
10/9/2021,1,6,53
10/10/2021,1,6,49
10/11/2021,1,6,45
10/12/2021,1,6,77
10/13/2021,1,6,49
10/14/2021,1,6,50
10/15/2021,1,6,51
10/16/2021,1,6,77
10/17/2021,1,6,37
10/18/2021,1,6,60
10/19/2021,1,6,57
10/20/2021,1,6,70
10/21/2021,1,6,76
10/22/2021,1,6,63
10/23/2021,1,6,82
10/24/2021,1,6,49
10/25/2021,1,6,48
10/26/2021,1,6,45
10/27/2021,1,6,49
10/28/2021,1,6,59
10/29/2021,1,6,78
10/30/2021,1,6,79
10/31/2021,1,6,44
11/1/2021,1,6,55
11/2/2021,1,6,59
11/3/2021,1,6,61
11/4/2021,1,6,62
11/5/2021,1,6,66
11/6/2021,1,6,79
11/7/2021,1,6,49
11/8/2021,1,6,54
11/9/2021,1,6,50
11/10/2021,1,6,49
11/11/2021,1,6,54
11/12/2021,1,6,65
11/13/2021,1,6,62
11/14/2021,1,6,60
11/15/2021,1,6,53
11/16/2021,1,6,58
11/17/2021,1,6,62
11/18/2021,1,6,60
11/19/2021,1,6,62
11/20/2021,1,6,61
11/21/2021,1,6,47
11/22/2021,1,6,59
11/23/2021,1,6,69
11/24/2021,1,6,60
11/25/2021,1,6,70
11/26/2021,1,6,75
11/27/2021,1,6,84
11/28/2021,1,6,41
11/29/2021,1,6,58
11/30/2021,1,6,57
12/1/2021,1,6,44
12/2/2021,1,6,51
12/3/2021,1,6,45
12/4/2021,1,6,55
12/5/2021,1,6,48
12/6/2021,1,6,33
12/7/2021,1,6,33
12/8/2021,1,6,47
12/9/2021,1,6,48
12/10/2021,1,6,51
12/11/2021,1,6,47
12/12/2021,1,6,37
12/13/2021,1,6,36
12/14/2021,1,6,41
12/15/2021,1,6,39
12/16/2021,1,6,50
12/17/2021,1,6,51
12/18/2021,1,6,37
12/19/2021,1,6,31
12/20/2021,1,6,52
12/21/2021,1,6,46
12/22/2021,1,6,46
12/23/2021,1,6,43
12/24/2021,1,6,58
12/25/2021,1,6,64
12/26/2021,1,6,31
12/27/2021,1,6,34
12/28/2021,1,6,31
12/29/2021,1,6,46
12/30/2021,1,6,54
12/31/2021,1,6,53
1/1/2022,1,6,52
1/2/2022,1,6,29
1/3/2022,1,6,31
1/4/2022,1,6,50
1/5/2022,1,6,40
1/6/2022,1,6,33
1/7/2022,1,6,43
1/8/2022,1,6,51
1/9/2022,1,6,40
1/10/2022,1,6,39
1/11/2022,1,6,42
1/12/2022,1,6,42
1/13/2022,1,6,49
1/14/2022,1,6,44
1/15/2022,1,6,60
1/16/2022,1,6,24
1/17/2022,1,6,46
1/18/2022,1,6,47
1/19/2022,1,6,38
1/20/2022,1,6,51
1/21/2022,1,6,41
1/22/2022,1,6,46
1/23/2022,1,6,38
1/24/2022,1,6,38
1/25/2022,1,6,32
1/26/2022,1,6,53
1/27/2022,1,6,42
1/28/2022,1,6,38
1/29/2022,1,6,40
1/30/2022,1,6,28
1/31/2022,1,6,36
2/1/2022,1,6,53
2/2/2022,1,6,46
2/3/2022,1,6,47
2/4/2022,1,6,44
2/5/2022,1,6,49
2/6/2022,1,6,38
2/7/2022,1,6,41
2/8/2022,1,6,34
2/9/2022,1,6,52
2/10/2022,1,6,45
2/11/2022,1,6,51
2/12/2022,1,6,58
2/13/2022,1,6,23
2/14/2022,1,6,37
2/15/2022,1,6,55
2/16/2022,1,6,49
2/17/2022,1,6,37
2/18/2022,1,6,70
2/19/2022,1,6,57
2/20/2022,1,6,32
2/21/2022,1,6,47
2/22/2022,1,6,29
2/23/2022,1,6,45
2/24/2022,1,6,47
2/25/2022,1,6,43
2/26/2022,1,6,61
2/27/2022,1,6,36
2/28/2022,1,6,39
3/1/2022,1,6,67
3/2/2022,1,6,43
3/3/2022,1,6,62
3/4/2022,1,6,67
3/5/2022,1,6,73
3/6/2022,1,6,44
3/7/2022,1,6,54
3/8/2022,1,6,52
3/9/2022,1,6,51
3/10/2022,1,6,72
3/11/2022,1,6,65
3/12/2022,1,6,69
3/13/2022,1,6,41
3/14/2022,1,6,51
3/15/2022,1,6,48
3/16/2022,1,6,55
3/17/2022,1,6,59
3/18/2022,1,6,58
3/19/2022,1,6,59
3/20/2022,1,6,59
3/21/2022,1,6,44
3/22/2022,1,6,47
3/23/2022,1,6,50
3/24/2022,1,6,55
3/25/2022,1,6,70
3/26/2022,1,6,74
3/27/2022,1,6,41
3/28/2022,1,6,39
3/29/2022,1,6,45
3/30/2022,1,6,63
3/31/2022,1,6,55
4/1/2022,1,6,72
4/2/2022,1,6,86
4/3/2022,1,6,51
4/4/2022,1,6,66
4/5/2022,1,6,58
4/6/2022,1,6,49
4/7/2022,1,6,58
4/8/2022,1,6,85
4/9/2022,1,6,85
4/10/2022,1,6,56
4/11/2022,1,6,50
4/12/2022,1,6,53
4/13/2022,1,6,60
4/14/2022,1,6,63
4/15/2022,1,6,82
4/16/2022,1,6,72
4/17/2022,1,6,37
4/18/2022,1,6,74
4/19/2022,1,6,51
4/20/2022,1,6,62
4/21/2022,1,6,55
4/22/2022,1,6,84
4/23/2022,1,6,74
4/24/2022,1,6,49
4/25/2022,1,6,72
4/26/2022,1,6,68
4/27/2022,1,6,58
4/28/2022,1,6,65
4/29/2022,1,6,64
4/30/2022,1,6,68
5/1/2022,1,6,42
5/2/2022,1,6,60
5/3/2022,1,6,75
5/4/2022,1,6,62
5/5/2022,1,6,59
5/6/2022,1,6,65
5/7/2022,1,6,68
5/8/2022,1,6,41
5/9/2022,1,6,61
5/10/2022,1,6,57
5/11/2022,1,6,68
5/12/2022,1,6,72
5/13/2022,1,6,90
5/14/2022,1,6,94
5/15/2022,1,6,61
5/16/2022,1,6,49
5/17/2022,1,6,54
5/18/2022,1,6,57
5/19/2022,1,6,84
5/20/2022,1,6,93
5/21/2022,1,6,85
5/22/2022,1,6,51
5/23/2022,1,6,72
5/24/2022,1,6,52
5/25/2022,1,6,72
5/26/2022,1,6,74
5/27/2022,1,6,77
5/28/2022,1,6,81
5/29/2022,1,6,43
5/30/2022,1,6,65
5/31/2022,1,6,69
6/1/2022,1,6,65
6/2/2022,1,6,56
6/3/2022,1,6,56
6/4/2022,1,6,76
6/5/2022,1,6,44
6/6/2022,1,6,65
6/7/2022,1,6,66
6/8/2022,1,6,72
6/9/2022,1,6,75
6/10/2022,1,6,73
6/11/2022,1,6,75
6/12/2022,1,6,58
6/13/2022,1,6,63
6/14/2022,1,6,58
6/15/2022,1,6,74
6/16/2022,1,6,77
6/17/2022,1,6,79
6/18/2022,1,6,81
6/19/2022,1,6,48
6/20/2022,1,6,75
6/21/2022,1,6,71
6/22/2022,1,6,74
6/23/2022,1,6,77
6/24/2022,1,6,73
6/25/2022,1,6,95
6/26/2022,1,6,49
6/27/2022,1,6,67
6/28/2022,1,6,70
6/29/2022,1,6,61
6/30/2022,1,6,74
7/1/2022,1,6,83
7/2/2022,1,6,89
7/3/2022,1,6,73
7/4/2022,1,6,69
7/5/2022,1,6,68
7/6/2022,1,6,83
7/7/2022,1,6,101
7/8/2022,1,6,93
7/9/2022,1,6,92
7/10/2022,1,6,59
7/11/2022,1,6,62
7/12/2022,1,6,71
7/13/2022,1,6,67
7/14/2022,1,6,86
7/15/2022,1,6,95
7/16/2022,1,6,104
7/17/2022,1,6,78
7/18/2022,1,6,61
7/19/2022,1,6,73
7/20/2022,1,6,69
7/21/2022,1,6,77
7/22/2022,1,6,75
7/23/2022,1,6,97
7/24/2022,1,6,57
7/25/2022,1,6,66
7/26/2022,1,6,62
7/27/2022,1,6,66
7/28/2022,1,6,72
7/29/2022,1,6,68
7/30/2022,1,6,98
7/31/2022,1,6,55
8/1/2022,1,6,58
8/2/2022,1,6,46
8/3/2022,1,6,72
8/4/2022,1,6,80
8/5/2022,1,6,76
8/6/2022,1,6,96
8/7/2022,1,6,58
8/8/2022,1,6,53
8/9/2022,1,6,67
8/10/2022,1,6,61
8/11/2022,1,6,59
8/12/2022,1,6,77
8/13/2022,1,6,89
8/14/2022,1,6,54
8/15/2022,1,6,70
8/16/2022,1,6,66
8/17/2022,1,6,66
8/18/2022,1,6,66
8/19/2022,1,6,78
8/20/2022,1,6,79
8/21/2022,1,6,51
8/22/2022,1,6,63
8/23/2022,1,6,73
8/24/2022,1,6,83
8/25/2022,1,6,61
8/26/2022,1,6,75
8/27/2022,1,6,76
8/28/2022,1,6,55
8/29/2022,1,6,61
8/30/2022,1,6,54
8/31/2022,1,6,69
9/1/2022,1,6,58
9/2/2022,1,6,68
9/3/2022,1,6,68
9/4/2022,1,6,63
9/5/2022,1,6,51
9/6/2022,1,6,54
9/7/2022,1,6,48
9/8/2022,1,6,61
9/9/2022,1,6,68
9/10/2022,1,6,73
9/11/2022,1,6,40
9/12/2022,1,6,66
9/13/2022,1,6,55
9/14/2022,1,6,57
9/15/2022,1,6,57
9/16/2022,1,6,68
9/17/2022,1,6,71
9/18/2022,1,6,56
9/19/2022,1,6,56
9/20/2022,1,6,59
9/21/2022,1,6,65
9/22/2022,1,6,75
9/23/2022,1,6,66
9/24/2022,1,6,71
9/25/2022,1,6,57
9/26/2022,1,6,61
9/27/2022,1,6,62
9/28/2022,1,6,57
9/29/2022,1,6,63
9/30/2022,1,6,64
10/1/2022,1,6,70
10/2/2022,1,6,40
10/3/2022,1,6,58
10/4/2022,1,6,61
10/5/2022,1,6,52
10/6/2022,1,6,51
10/7/2022,1,6,72
10/8/2022,1,6,73
10/9/2022,1,6,46
10/10/2022,1,6,45
10/11/2022,1,6,62
10/12/2022,1,6,47
10/13/2022,1,6,53
10/14/2022,1,6,56
10/15/2022,1,6,84
10/16/2022,1,6,47
10/17/2022,1,6,57
10/18/2022,1,6,52
10/19/2022,1,6,43
10/20/2022,1,6,56
10/21/2022,1,6,53
10/22/2022,1,6,77
10/23/2022,1,6,51
10/24/2022,1,6,48
10/25/2022,1,6,46
10/26/2022,1,6,48
10/27/2022,1,6,55
10/28/2022,1,6,65
10/29/2022,1,6,82
10/30/2022,1,6,50
10/31/2022,1,6,73
11/1/2022,1,6,63
11/2/2022,1,6,56
11/3/2022,1,6,64
11/4/2022,1,6,71
11/5/2022,1,6,66
11/6/2022,1,6,75
11/7/2022,1,6,70
11/8/2022,1,6,63
11/9/2022,1,6,62
11/10/2022,1,6,66
11/11/2022,1,6,66
11/12/2022,1,6,88
11/13/2022,1,6,49
11/14/2022,1,6,73
11/15/2022,1,6,57
11/16/2022,1,6,64
11/17/2022,1,6,64
11/18/2022,1,6,67
11/19/2022,1,6,63
11/20/2022,1,6,52
11/21/2022,1,6,58
11/22/2022,1,6,55
11/23/2022,1,6,58
11/24/2022,1,6,66
11/25/2022,1,6,72
11/26/2022,1,6,73
11/27/2022,1,6,50
11/28/2022,1,6,60
11/29/2022,1,6,67
11/30/2022,1,6,63
12/1/2022,1,6,56
12/2/2022,1,6,48
12/3/2022,1,6,62
12/4/2022,1,6,48
12/5/2022,1,6,42
12/6/2022,1,6,31
12/7/2022,1,6,37
12/8/2022,1,6,60
12/9/2022,1,6,57
12/10/2022,1,6,70
12/11/2022,1,6,41
12/12/2022,1,6,52
12/13/2022,1,6,48
12/14/2022,1,6,50
12/15/2022,1,6,50
12/16/2022,1,6,62
12/17/2022,1,6,47
12/18/2022,1,6,31
12/19/2022,1,6,39
12/20/2022,1,6,43
12/21/2022,1,6,53
12/22/2022,1,6,50
12/23/2022,1,6,48
12/24/2022,1,6,50
12/25/2022,1,6,27
12/26/2022,1,6,36
12/27/2022,1,6,32
12/28/2022,1,6,51
12/29/2022,1,6,55
12/30/2022,1,6,55
12/31/2022,1,6,53
1/1/2018,2,6,34
1/2/2018,2,6,40
1/3/2018,2,6,41
1/4/2018,2,6,41
1/5/2018,2,6,47
1/6/2018,2,6,42
1/7/2018,2,6,28
1/8/2018,2,6,41
1/9/2018,2,6,41
1/10/2018,2,6,42
1/11/2018,2,6,50
1/12/2018,2,6,50
1/13/2018,2,6,51
1/14/2018,2,6,36
1/15/2018,2,6,47
1/16/2018,2,6,34
1/17/2018,2,6,27
1/18/2018,2,6,52
1/19/2018,2,6,46
1/20/2018,2,6,48
1/21/2018,2,6,25
1/22/2018,2,6,45
1/23/2018,2,6,35
1/24/2018,2,6,34
1/25/2018,2,6,58
1/26/2018,2,6,41
1/27/2018,2,6,60
1/28/2018,2,6,24
1/29/2018,2,6,42
1/30/2018,2,6,54
1/31/2018,2,6,37
2/1/2018,2,6,65
2/2/2018,2,6,56
2/3/2018,2,6,59
2/4/2018,2,6,31
2/5/2018,2,6,43
2/6/2018,2,6,39
2/7/2018,2,6,48
2/8/2018,2,6,49
2/9/2018,2,6,36
2/10/2018,2,6,59
2/11/2018,2,6,33
2/12/2018,2,6,51
2/13/2018,2,6,40
2/14/2018,2,6,47
2/15/2018,2,6,62
2/16/2018,2,6,67
2/17/2018,2,6,44
2/18/2018,2,6,43
2/19/2018,2,6,54
2/20/2018,2,6,47
2/21/2018,2,6,49
2/22/2018,2,6,49
2/23/2018,2,6,66
2/24/2018,2,6,48
2/25/2018,2,6,45
2/26/2018,2,6,44
2/27/2018,2,6,48
2/28/2018,2,6,49
3/1/2018,2,6,62
3/2/2018,2,6,63
3/3/2018,2,6,53
3/4/2018,2,6,40
3/5/2018,2,6,51
3/6/2018,2,6,56
3/7/2018,2,6,65
3/8/2018,2,6,67
3/9/2018,2,6,69
3/10/2018,2,6,66
3/11/2018,2,6,37
3/12/2018,2,6,57
3/13/2018,2,6,52
3/14/2018,2,6,57
3/15/2018,2,6,50
3/16/2018,2,6,60
3/17/2018,2,6,61
3/18/2018,2,6,47
3/19/2018,2,6,47
3/20/2018,2,6,52
3/21/2018,2,6,67
3/22/2018,2,6,68
3/23/2018,2,6,63
3/24/2018,2,6,60
3/25/2018,2,6,47
3/26/2018,2,6,63
3/27/2018,2,6,46
3/28/2018,2,6,59
3/29/2018,2,6,58
3/30/2018,2,6,50
3/31/2018,2,6,81
4/1/2018,2,6,51
4/2/2018,2,6,46
4/3/2018,2,6,65
4/4/2018,2,6,62
4/5/2018,2,6,67
4/6/2018,2,6,77
4/7/2018,2,6,71
4/8/2018,2,6,56
4/9/2018,2,6,65
4/10/2018,2,6,55
4/11/2018,2,6,66
4/12/2018,2,6,65
4/13/2018,2,6,77
4/14/2018,2,6,83
4/15/2018,2,6,57
4/16/2018,2,6,59
4/17/2018,2,6,57
4/18/2018,2,6,60
4/19/2018,2,6,63
4/20/2018,2,6,61
4/21/2018,2,6,88
4/22/2018,2,6,55
4/23/2018,2,6,63
4/24/2018,2,6,69
4/25/2018,2,6,68
4/26/2018,2,6,82
4/27/2018,2,6,86
4/28/2018,2,6,78
4/29/2018,2,6,46
4/30/2018,2,6,59
5/1/2018,2,6,75
5/2/2018,2,6,84
5/3/2018,2,6,66
5/4/2018,2,6,95
5/5/2018,2,6,84
5/6/2018,2,6,57
5/7/2018,2,6,75
5/8/2018,2,6,61
5/9/2018,2,6,69
5/10/2018,2,6,73
5/11/2018,2,6,69
5/12/2018,2,6,78
5/13/2018,2,6,56
5/14/2018,2,6,62
5/15/2018,2,6,59
5/16/2018,2,6,75
5/17/2018,2,6,65
5/18/2018,2,6,94
5/19/2018,2,6,71
5/20/2018,2,6,52
5/21/2018,2,6,75
5/22/2018,2,6,53
5/23/2018,2,6,80
5/24/2018,2,6,87
5/25/2018,2,6,95
5/26/2018,2,6,76
5/27/2018,2,6,53
5/28/2018,2,6,57
5/29/2018,2,6,74
5/30/2018,2,6,94
5/31/2018,2,6,89
6/1/2018,2,6,64
6/2/2018,2,6,87
6/3/2018,2,6,52
6/4/2018,2,6,49
6/5/2018,2,6,72
6/6/2018,2,6,86
6/7/2018,2,6,84
6/8/2018,2,6,110
6/9/2018,2,6,84
6/10/2018,2,6,61
6/11/2018,2,6,76
6/12/2018,2,6,76
6/13/2018,2,6,68
6/14/2018,2,6,101
6/15/2018,2,6,101
6/16/2018,2,6,82
6/17/2018,2,6,63
6/18/2018,2,6,75
6/19/2018,2,6,72
6/20/2018,2,6,81
6/21/2018,2,6,64
6/22/2018,2,6,86
6/23/2018,2,6,87
6/24/2018,2,6,48
6/25/2018,2,6,58
6/26/2018,2,6,70
6/27/2018,2,6,69
6/28/2018,2,6,85
6/29/2018,2,6,84
6/30/2018,2,6,95
7/1/2018,2,6,68
7/2/2018,2,6,66
7/3/2018,2,6,68
7/4/2018,2,6,72
7/5/2018,2,6,74
7/6/2018,2,6,82
7/7/2018,2,6,96
7/8/2018,2,6,61
7/9/2018,2,6,72
7/10/2018,2,6,76
7/11/2018,2,6,81
7/12/2018,2,6,83
7/13/2018,2,6,104
7/14/2018,2,6,81
7/15/2018,2,6,65
7/16/2018,2,6,74
7/17/2018,2,6,78
7/18/2018,2,6,75
7/19/2018,2,6,80
7/20/2018,2,6,88
7/21/2018,2,6,90
7/22/2018,2,6,64
7/23/2018,2,6,63
7/24/2018,2,6,61
7/25/2018,2,6,81
7/26/2018,2,6,74
7/27/2018,2,6,106
7/28/2018,2,6,86
7/29/2018,2,6,72
7/30/2018,2,6,62
7/31/2018,2,6,80
8/1/2018,2,6,61
8/2/2018,2,6,83
8/3/2018,2,6,81
8/4/2018,2,6,83
8/5/2018,2,6,57
8/6/2018,2,6,77
8/7/2018,2,6,55
8/8/2018,2,6,80
8/9/2018,2,6,66
8/10/2018,2,6,84
8/11/2018,2,6,77
8/12/2018,2,6,54
8/13/2018,2,6,64
8/14/2018,2,6,61
8/15/2018,2,6,80
8/16/2018,2,6,79
8/17/2018,2,6,86
8/18/2018,2,6,83
8/19/2018,2,6,68
8/20/2018,2,6,67
8/21/2018,2,6,68
8/22/2018,2,6,64
8/23/2018,2,6,79
8/24/2018,2,6,64
8/25/2018,2,6,74
8/26/2018,2,6,55
8/27/2018,2,6,57
8/28/2018,2,6,79
8/29/2018,2,6,56
8/30/2018,2,6,70
8/31/2018,2,6,80
9/1/2018,2,6,95
9/2/2018,2,6,47
9/3/2018,2,6,65
9/4/2018,2,6,60
9/5/2018,2,6,75
9/6/2018,2,6,75
9/7/2018,2,6,80
9/8/2018,2,6,88
9/9/2018,2,6,57
9/10/2018,2,6,54
9/11/2018,2,6,49
9/12/2018,2,6,68
9/13/2018,2,6,66
9/14/2018,2,6,74
9/15/2018,2,6,77
9/16/2018,2,6,54
9/17/2018,2,6,65
9/18/2018,2,6,62
9/19/2018,2,6,55
9/20/2018,2,6,62
9/21/2018,2,6,80
9/22/2018,2,6,62
9/23/2018,2,6,40
9/24/2018,2,6,55
9/25/2018,2,6,60
9/26/2018,2,6,54
9/27/2018,2,6,78
9/28/2018,2,6,70
9/29/2018,2,6,90
9/30/2018,2,6,60
10/1/2018,2,6,44
10/2/2018,2,6,57
10/3/2018,2,6,55
10/4/2018,2,6,67
10/5/2018,2,6,66
10/6/2018,2,6,77
10/7/2018,2,6,57
10/8/2018,2,6,72
10/9/2018,2,6,58
10/10/2018,2,6,60
10/11/2018,2,6,65
10/12/2018,2,6,68
10/13/2018,2,6,80
10/14/2018,2,6,47
10/15/2018,2,6,58
10/16/2018,2,6,64
10/17/2018,2,6,50
10/18/2018,2,6,63
10/19/2018,2,6,64
10/20/2018,2,6,80
10/21/2018,2,6,50
10/22/2018,2,6,62
10/23/2018,2,6,79
10/24/2018,2,6,59
10/25/2018,2,6,69
10/26/2018,2,6,77
10/27/2018,2,6,72
10/28/2018,2,6,58
10/29/2018,2,6,69
10/30/2018,2,6,66
10/31/2018,2,6,62
11/1/2018,2,6,71
11/2/2018,2,6,67
11/3/2018,2,6,78
11/4/2018,2,6,62
11/5/2018,2,6,59
11/6/2018,2,6,47
11/7/2018,2,6,71
11/8/2018,2,6,67
11/9/2018,2,6,70
11/10/2018,2,6,94
11/11/2018,2,6,46
11/12/2018,2,6,56
11/13/2018,2,6,63
11/14/2018,2,6,76
11/15/2018,2,6,73
11/16/2018,2,6,85
11/17/2018,2,6,80
11/18/2018,2,6,49
11/19/2018,2,6,74
11/20/2018,2,6,63
11/21/2018,2,6,87
11/22/2018,2,6,75
11/23/2018,2,6,71
11/24/2018,2,6,79
11/25/2018,2,6,47
11/26/2018,2,6,78
11/27/2018,2,6,49
11/28/2018,2,6,55
11/29/2018,2,6,80
11/30/2018,2,6,70
12/1/2018,2,6,62
12/2/2018,2,6,42
12/3/2018,2,6,39
12/4/2018,2,6,48
12/5/2018,2,6,42
12/6/2018,2,6,53
12/7/2018,2,6,60
12/8/2018,2,6,53
12/9/2018,2,6,40
12/10/2018,2,6,40
12/11/2018,2,6,42
12/12/2018,2,6,47
12/13/2018,2,6,41
12/14/2018,2,6,49
12/15/2018,2,6,54
12/16/2018,2,6,54
12/17/2018,2,6,33
12/18/2018,2,6,48
12/19/2018,2,6,43
12/20/2018,2,6,59
12/21/2018,2,6,45
12/22/2018,2,6,52
12/23/2018,2,6,37
12/24/2018,2,6,48
12/25/2018,2,6,54
12/26/2018,2,6,58
12/27/2018,2,6,51
12/28/2018,2,6,49
12/29/2018,2,6,59
12/30/2018,2,6,36
12/31/2018,2,6,44
1/1/2019,2,6,44
1/2/2019,2,6,43
1/3/2019,2,6,53
1/4/2019,2,6,78
1/5/2019,2,6,52
1/6/2019,2,6,30
1/7/2019,2,6,42
1/8/2019,2,6,56
1/9/2019,2,6,43
1/10/2019,2,6,50
1/11/2019,2,6,56
1/12/2019,2,6,47
1/13/2019,2,6,40
1/14/2019,2,6,35
1/15/2019,2,6,45
1/16/2019,2,6,57
1/17/2019,2,6,59
1/18/2019,2,6,59
1/19/2019,2,6,62
1/20/2019,2,6,49
1/21/2019,2,6,39
1/22/2019,2,6,39
1/23/2019,2,6,44
1/24/2019,2,6,52
1/25/2019,2,6,72
1/26/2019,2,6,72
1/27/2019,2,6,28
1/28/2019,2,6,46
1/29/2019,2,6,47
1/30/2019,2,6,51
1/31/2019,2,6,51
2/1/2019,2,6,49
2/2/2019,2,6,62
2/3/2019,2,6,36
2/4/2019,2,6,57
2/5/2019,2,6,55
2/6/2019,2,6,49
2/7/2019,2,6,60
2/8/2019,2,6,58
2/9/2019,2,6,67
2/10/2019,2,6,36
2/11/2019,2,6,51
2/12/2019,2,6,49
2/13/2019,2,6,48
2/14/2019,2,6,50
2/15/2019,2,6,57
2/16/2019,2,6,51
2/17/2019,2,6,40
2/18/2019,2,6,47
2/19/2019,2,6,56
2/20/2019,2,6,65
2/21/2019,2,6,51
2/22/2019,2,6,49
2/23/2019,2,6,68
2/24/2019,2,6,38
2/25/2019,2,6,38
2/26/2019,2,6,43
2/27/2019,2,6,50
2/28/2019,2,6,51
3/1/2019,2,6,85
3/2/2019,2,6,94
3/3/2019,2,6,67
3/4/2019,2,6,53
3/5/2019,2,6,59
3/6/2019,2,6,63
3/7/2019,2,6,84
3/8/2019,2,6,73
3/9/2019,2,6,91
3/10/2019,2,6,55
3/11/2019,2,6,60
3/12/2019,2,6,61
3/13/2019,2,6,58
3/14/2019,2,6,68
3/15/2019,2,6,68
3/16/2019,2,6,79
3/17/2019,2,6,62
3/18/2019,2,6,54
3/19/2019,2,6,50
3/20/2019,2,6,56
3/21/2019,2,6,64
3/22/2019,2,6,83
3/23/2019,2,6,86
3/24/2019,2,6,59
3/25/2019,2,6,59
3/26/2019,2,6,53
3/27/2019,2,6,70
3/28/2019,2,6,73
3/29/2019,2,6,68
3/30/2019,2,6,85
3/31/2019,2,6,34
4/1/2019,2,6,70
4/2/2019,2,6,75
4/3/2019,2,6,63
4/4/2019,2,6,80
4/5/2019,2,6,87
4/6/2019,2,6,98
4/7/2019,2,6,58
4/8/2019,2,6,64
4/9/2019,2,6,69
4/10/2019,2,6,90
4/11/2019,2,6,84
4/12/2019,2,6,89
4/13/2019,2,6,87
4/14/2019,2,6,48
4/15/2019,2,6,75
4/16/2019,2,6,83
4/17/2019,2,6,89
4/18/2019,2,6,79
4/19/2019,2,6,85
4/20/2019,2,6,96
4/21/2019,2,6,54
4/22/2019,2,6,66
4/23/2019,2,6,58
4/24/2019,2,6,77
4/25/2019,2,6,73
4/26/2019,2,6,93
4/27/2019,2,6,112
4/28/2019,2,6,74
4/29/2019,2,6,53
4/30/2019,2,6,62
5/1/2019,2,6,73
5/2/2019,2,6,92
5/3/2019,2,6,86
5/4/2019,2,6,99
5/5/2019,2,6,70
5/6/2019,2,6,65
5/7/2019,2,6,79
5/8/2019,2,6,83
5/9/2019,2,6,78
5/10/2019,2,6,81
5/11/2019,2,6,73
5/12/2019,2,6,70
5/13/2019,2,6,59
5/14/2019,2,6,70
5/15/2019,2,6,77
5/16/2019,2,6,66
5/17/2019,2,6,90
5/18/2019,2,6,90
5/19/2019,2,6,57
5/20/2019,2,6,75
5/21/2019,2,6,79
5/22/2019,2,6,57
5/23/2019,2,6,78
5/24/2019,2,6,96
5/25/2019,2,6,78
5/26/2019,2,6,55
5/27/2019,2,6,66
5/28/2019,2,6,83
5/29/2019,2,6,91
5/30/2019,2,6,83
5/31/2019,2,6,87
6/1/2019,2,6,94
6/2/2019,2,6,62
6/3/2019,2,6,85
6/4/2019,2,6,63
6/5/2019,2,6,92
6/6/2019,2,6,112
6/7/2019,2,6,111
6/8/2019,2,6,105
6/9/2019,2,6,64
6/10/2019,2,6,91
6/11/2019,2,6,85
6/12/2019,2,6,102
6/13/2019,2,6,66
6/14/2019,2,6,92
6/15/2019,2,6,104
6/16/2019,2,6,67
6/17/2019,2,6,84
6/18/2019,2,6,87
6/19/2019,2,6,91
6/20/2019,2,6,96
6/21/2019,2,6,96
6/22/2019,2,6,102
6/23/2019,2,6,57
6/24/2019,2,6,82
6/25/2019,2,6,81
6/26/2019,2,6,81
6/27/2019,2,6,79
6/28/2019,2,6,107
6/29/2019,2,6,108
6/30/2019,2,6,68
7/1/2019,2,6,104
7/2/2019,2,6,83
7/3/2019,2,6,91
7/4/2019,2,6,92
7/5/2019,2,6,100
7/6/2019,2,6,108
7/7/2019,2,6,71
7/8/2019,2,6,87
7/9/2019,2,6,78
7/10/2019,2,6,104
7/11/2019,2,6,103
7/12/2019,2,6,107
7/13/2019,2,6,109
7/14/2019,2,6,69
7/15/2019,2,6,105
7/16/2019,2,6,93
7/17/2019,2,6,92
7/18/2019,2,6,88
7/19/2019,2,6,107
7/20/2019,2,6,110
7/21/2019,2,6,60
7/22/2019,2,6,72
7/23/2019,2,6,88
7/24/2019,2,6,87
7/25/2019,2,6,99
7/26/2019,2,6,109
7/27/2019,2,6,126
7/28/2019,2,6,75
7/29/2019,2,6,78
7/30/2019,2,6,92
7/31/2019,2,6,94
8/1/2019,2,6,83
8/2/2019,2,6,102
8/3/2019,2,6,109
8/4/2019,2,6,60
8/5/2019,2,6,62
8/6/2019,2,6,80
8/7/2019,2,6,78
8/8/2019,2,6,77
8/9/2019,2,6,92
8/10/2019,2,6,91
8/11/2019,2,6,60
8/12/2019,2,6,69
8/13/2019,2,6,68
8/14/2019,2,6,76
8/15/2019,2,6,82
8/16/2019,2,6,86
8/17/2019,2,6,106
8/18/2019,2,6,62
8/19/2019,2,6,88
8/20/2019,2,6,89
8/21/2019,2,6,67
8/22/2019,2,6,76
8/23/2019,2,6,89
8/24/2019,2,6,100
8/25/2019,2,6,78
8/26/2019,2,6,77
8/27/2019,2,6,61
8/28/2019,2,6,79
8/29/2019,2,6,92
8/30/2019,2,6,91
8/31/2019,2,6,104
9/1/2019,2,6,56
9/2/2019,2,6,59
9/3/2019,2,6,75
9/4/2019,2,6,76
9/5/2019,2,6,87
9/6/2019,2,6,84
9/7/2019,2,6,95
9/8/2019,2,6,56
9/9/2019,2,6,88
9/10/2019,2,6,71
9/11/2019,2,6,74
9/12/2019,2,6,82
9/13/2019,2,6,82
9/14/2019,2,6,81
9/15/2019,2,6,63
9/16/2019,2,6,62
9/17/2019,2,6,80
9/18/2019,2,6,62
9/19/2019,2,6,109
9/20/2019,2,6,89
9/21/2019,2,6,88
9/22/2019,2,6,56
9/23/2019,2,6,72
9/24/2019,2,6,55
9/25/2019,2,6,74
9/26/2019,2,6,60
9/27/2019,2,6,76
9/28/2019,2,6,86
9/29/2019,2,6,66
9/30/2019,2,6,70
10/1/2019,2,6,66
10/2/2019,2,6,63
10/3/2019,2,6,78
10/4/2019,2,6,76
10/5/2019,2,6,75
10/6/2019,2,6,52
10/7/2019,2,6,72
10/8/2019,2,6,56
10/9/2019,2,6,69
10/10/2019,2,6,76
10/11/2019,2,6,69
10/12/2019,2,6,75
10/13/2019,2,6,45
10/14/2019,2,6,55
10/15/2019,2,6,83
10/16/2019,2,6,72
10/17/2019,2,6,67
10/18/2019,2,6,85
10/19/2019,2,6,86
10/20/2019,2,6,60
10/21/2019,2,6,64
10/22/2019,2,6,65
10/23/2019,2,6,61
10/24/2019,2,6,78
10/25/2019,2,6,79
10/26/2019,2,6,84
10/27/2019,2,6,61
10/28/2019,2,6,73
10/29/2019,2,6,62
10/30/2019,2,6,82
10/31/2019,2,6,84
11/1/2019,2,6,94
11/2/2019,2,6,73
11/3/2019,2,6,80
11/4/2019,2,6,60
11/5/2019,2,6,77
11/6/2019,2,6,84
11/7/2019,2,6,81
11/8/2019,2,6,102
11/9/2019,2,6,98
11/10/2019,2,6,56
11/11/2019,2,6,67
11/12/2019,2,6,77
11/13/2019,2,6,74
11/14/2019,2,6,80
11/15/2019,2,6,82
11/16/2019,2,6,98
11/17/2019,2,6,64
11/18/2019,2,6,80
11/19/2019,2,6,71
11/20/2019,2,6,65
11/21/2019,2,6,59
11/22/2019,2,6,78
11/23/2019,2,6,95
11/24/2019,2,6,60
11/25/2019,2,6,78
11/26/2019,2,6,74
11/27/2019,2,6,61
11/28/2019,2,6,85
11/29/2019,2,6,84
11/30/2019,2,6,96
12/1/2019,2,6,49
12/2/2019,2,6,50
12/3/2019,2,6,51
12/4/2019,2,6,54
12/5/2019,2,6,50
12/6/2019,2,6,71
12/7/2019,2,6,53
12/8/2019,2,6,46
12/9/2019,2,6,52
12/10/2019,2,6,48
12/11/2019,2,6,53
12/12/2019,2,6,49
12/13/2019,2,6,62
12/14/2019,2,6,65
12/15/2019,2,6,45
12/16/2019,2,6,50
12/17/2019,2,6,51
12/18/2019,2,6,57
12/19/2019,2,6,54
12/20/2019,2,6,70
12/21/2019,2,6,57
12/22/2019,2,6,45
12/23/2019,2,6,49
12/24/2019,2,6,45
12/25/2019,2,6,56
12/26/2019,2,6,62
12/27/2019,2,6,56
12/28/2019,2,6,78
12/29/2019,2,6,41
12/30/2019,2,6,49
12/31/2019,2,6,51
1/1/2020,2,6,47
1/2/2020,2,6,55
1/3/2020,2,6,57
1/4/2020,2,6,63
1/5/2020,2,6,42
1/6/2020,2,6,46
1/7/2020,2,6,50
1/8/2020,2,6,51
1/9/2020,2,6,48
1/10/2020,2,6,45
1/11/2020,2,6,58
1/12/2020,2,6,40
1/13/2020,2,6,44
1/14/2020,2,6,54
1/15/2020,2,6,39
1/16/2020,2,6,58
1/17/2020,2,6,62
1/18/2020,2,6,71
1/19/2020,2,6,49
1/20/2020,2,6,41
1/21/2020,2,6,41
1/22/2020,2,6,50
1/23/2020,2,6,53
1/24/2020,2,6,49
1/25/2020,2,6,52
1/26/2020,2,6,43
1/27/2020,2,6,41
1/28/2020,2,6,46
1/29/2020,2,6,41
1/30/2020,2,6,57
1/31/2020,2,6,67
2/1/2020,2,6,59
2/2/2020,2,6,52
2/3/2020,2,6,57
2/4/2020,2,6,53
2/5/2020,2,6,61
2/6/2020,2,6,73
2/7/2020,2,6,64
2/8/2020,2,6,74
2/9/2020,2,6,40
2/10/2020,2,6,59
2/11/2020,2,6,47
2/12/2020,2,6,46
2/13/2020,2,6,63
2/14/2020,2,6,50
2/15/2020,2,6,65
2/16/2020,2,6,40
2/17/2020,2,6,57
2/18/2020,2,6,51
2/19/2020,2,6,49
2/20/2020,2,6,59
2/21/2020,2,6,65
2/22/2020,2,6,78
2/23/2020,2,6,52
2/24/2020,2,6,61
2/25/2020,2,6,57
2/26/2020,2,6,48
2/27/2020,2,6,74
2/28/2020,2,6,43
3/1/2020,2,6,78
3/2/2020,2,6,43
3/3/2020,2,6,69
3/4/2020,2,6,60
3/5/2020,2,6,72
3/6/2020,2,6,78
3/7/2020,2,6,82
3/8/2020,2,6,69
3/9/2020,2,6,54
3/10/2020,2,6,67
3/11/2020,2,6,52
3/12/2020,2,6,65
3/13/2020,2,6,65
3/14/2020,2,6,63
3/15/2020,2,6,89
3/16/2020,2,6,55
3/17/2020,2,6,56
3/18/2020,2,6,65
3/19/2020,2,6,58
3/20/2020,2,6,71
3/21/2020,2,6,64
3/22/2020,2,6,84
3/23/2020,2,6,54
3/24/2020,2,6,70
3/25/2020,2,6,57
3/26/2020,2,6,56
3/27/2020,2,6,82
3/28/2020,2,6,79
3/29/2020,2,6,74
3/30/2020,2,6,51
3/31/2020,2,6,44
4/1/2020,2,6,72
4/2/2020,2,6,78
4/3/2020,2,6,85
4/4/2020,2,6,94
4/5/2020,2,6,95
4/6/2020,2,6,72
4/7/2020,2,6,90
4/8/2020,2,6,79
4/9/2020,2,6,80
4/10/2020,2,6,76
4/11/2020,2,6,109
4/12/2020,2,6,82
4/13/2020,2,6,46
4/14/2020,2,6,82
4/15/2020,2,6,81
4/16/2020,2,6,68
4/17/2020,2,6,82
4/18/2020,2,6,97
4/19/2020,2,6,102
4/20/2020,2,6,65
4/21/2020,2,6,56
4/22/2020,2,6,83
4/23/2020,2,6,85
4/24/2020,2,6,84
4/25/2020,2,6,88
4/26/2020,2,6,98
4/27/2020,2,6,65
4/28/2020,2,6,71
4/29/2020,2,6,64
4/30/2020,2,6,73
5/1/2020,2,6,82
5/2/2020,2,6,93
5/3/2020,2,6,100
5/4/2020,2,6,67
5/5/2020,2,6,61
5/6/2020,2,6,76
5/7/2020,2,6,95
5/8/2020,2,6,93
5/9/2020,2,6,110
5/10/2020,2,6,106
5/11/2020,2,6,67
5/12/2020,2,6,63
5/13/2020,2,6,84
5/14/2020,2,6,76
5/15/2020,2,6,110
5/16/2020,2,6,96
5/17/2020,2,6,108
5/18/2020,2,6,77
5/19/2020,2,6,81
5/20/2020,2,6,97
5/21/2020,2,6,99
5/22/2020,2,6,76
5/23/2020,2,6,94
5/24/2020,2,6,109
5/25/2020,2,6,71
5/26/2020,2,6,73
5/27/2020,2,6,75
5/28/2020,2,6,86
5/29/2020,2,6,91
5/30/2020,2,6,102
5/31/2020,2,6,96
6/1/2020,2,6,74
6/2/2020,2,6,91
6/3/2020,2,6,78
6/4/2020,2,6,117
6/5/2020,2,6,95
6/6/2020,2,6,105
6/7/2020,2,6,98
6/8/2020,2,6,65
6/9/2020,2,6,83
6/10/2020,2,6,77
6/11/2020,2,6,91
6/12/2020,2,6,96
6/13/2020,2,6,97
6/14/2020,2,6,111
6/15/2020,2,6,65
6/16/2020,2,6,72
6/17/2020,2,6,75
6/18/2020,2,6,90
6/19/2020,2,6,94
6/20/2020,2,6,86
6/21/2020,2,6,106
6/22/2020,2,6,71
6/23/2020,2,6,84
6/24/2020,2,6,85
6/25/2020,2,6,97
6/26/2020,2,6,101
6/27/2020,2,6,89
6/28/2020,2,6,113
6/29/2020,2,6,69
6/30/2020,2,6,78
7/1/2020,2,6,87
7/2/2020,2,6,91
7/3/2020,2,6,98
7/4/2020,2,6,103
7/5/2020,2,6,107
7/6/2020,2,6,90
7/7/2020,2,6,88
7/8/2020,2,6,86
7/9/2020,2,6,66
7/10/2020,2,6,100
7/11/2020,2,6,103
7/12/2020,2,6,124
7/13/2020,2,6,88
7/14/2020,2,6,88
7/15/2020,2,6,91
7/16/2020,2,6,84
7/17/2020,2,6,117
7/18/2020,2,6,108
7/19/2020,2,6,104
7/20/2020,2,6,80
7/21/2020,2,6,99
7/22/2020,2,6,96
7/23/2020,2,6,98
7/24/2020,2,6,111
7/25/2020,2,6,112
7/26/2020,2,6,92
7/27/2020,2,6,71
7/28/2020,2,6,77
7/29/2020,2,6,89
7/30/2020,2,6,76
7/31/2020,2,6,97
8/1/2020,2,6,68
8/2/2020,2,6,99
8/3/2020,2,6,82
8/4/2020,2,6,76
8/5/2020,2,6,82
8/6/2020,2,6,80
8/7/2020,2,6,97
8/8/2020,2,6,95
8/9/2020,2,6,107
8/10/2020,2,6,61
8/11/2020,2,6,82
8/12/2020,2,6,80
8/13/2020,2,6,93
8/14/2020,2,6,99
8/15/2020,2,6,106
8/16/2020,2,6,91
8/17/2020,2,6,84
8/18/2020,2,6,74
8/19/2020,2,6,73
8/20/2020,2,6,78
8/21/2020,2,6,103
8/22/2020,2,6,91
8/23/2020,2,6,104
8/24/2020,2,6,62
8/25/2020,2,6,69
8/26/2020,2,6,77
8/27/2020,2,6,77
8/28/2020,2,6,92
8/29/2020,2,6,97
8/30/2020,2,6,107
8/31/2020,2,6,68
9/1/2020,2,6,77
9/2/2020,2,6,67
9/3/2020,2,6,73
9/4/2020,2,6,89
9/5/2020,2,6,97
9/6/2020,2,6,105
9/7/2020,2,6,67
9/8/2020,2,6,62
9/9/2020,2,6,83
9/10/2020,2,6,77
9/11/2020,2,6,77
9/12/2020,2,6,87
9/13/2020,2,6,96
9/14/2020,2,6,61
9/15/2020,2,6,61
9/16/2020,2,6,71
9/17/2020,2,6,72
9/18/2020,2,6,69
9/19/2020,2,6,95
9/20/2020,2,6,86
9/21/2020,2,6,56
9/22/2020,2,6,51
9/23/2020,2,6,72
9/24/2020,2,6,78
9/25/2020,2,6,74
9/26/2020,2,6,80
9/27/2020,2,6,102
9/28/2020,2,6,62
9/29/2020,2,6,61
9/30/2020,2,6,80
10/1/2020,2,6,66
10/2/2020,2,6,87
10/3/2020,2,6,87
10/4/2020,2,6,79
10/5/2020,2,6,62
10/6/2020,2,6,55
10/7/2020,2,6,74
10/8/2020,2,6,80
10/9/2020,2,6,60
10/10/2020,2,6,76
10/11/2020,2,6,98
10/12/2020,2,6,52
10/13/2020,2,6,82
10/14/2020,2,6,59
10/15/2020,2,6,60
10/16/2020,2,6,99
10/17/2020,2,6,75
10/18/2020,2,6,91
10/19/2020,2,6,51
10/20/2020,2,6,71
10/21/2020,2,6,71
10/22/2020,2,6,78
10/23/2020,2,6,75
10/24/2020,2,6,64
10/25/2020,2,6,92
10/26/2020,2,6,61
10/27/2020,2,6,63
10/28/2020,2,6,67
10/29/2020,2,6,59
10/30/2020,2,6,82
10/31/2020,2,6,91
11/1/2020,2,6,99
11/2/2020,2,6,59
11/3/2020,2,6,84
11/4/2020,2,6,73
11/5/2020,2,6,76
11/6/2020,2,6,81
11/7/2020,2,6,91
11/8/2020,2,6,88
11/9/2020,2,6,43
11/10/2020,2,6,67
11/11/2020,2,6,66
11/12/2020,2,6,71
11/13/2020,2,6,83
11/14/2020,2,6,86
11/15/2020,2,6,83
11/16/2020,2,6,73
11/17/2020,2,6,78
11/18/2020,2,6,66
11/19/2020,2,6,77
11/20/2020,2,6,89
11/21/2020,2,6,90
11/22/2020,2,6,72
11/23/2020,2,6,54
11/24/2020,2,6,72
11/25/2020,2,6,81
11/26/2020,2,6,97
11/27/2020,2,6,79
11/28/2020,2,6,79
11/29/2020,2,6,109
11/30/2020,2,6,62
12/1/2020,2,6,56
12/2/2020,2,6,52
12/3/2020,2,6,75
12/4/2020,2,6,57
12/5/2020,2,6,59
12/6/2020,2,6,62
12/7/2020,2,6,45
12/8/2020,2,6,48
12/9/2020,2,6,54
12/10/2020,2,6,54
12/11/2020,2,6,67
12/12/2020,2,6,79
12/13/2020,2,6,65
12/14/2020,2,6,35
12/15/2020,2,6,53
12/16/2020,2,6,62
12/17/2020,2,6,69
12/18/2020,2,6,56
12/19/2020,2,6,58
12/20/2020,2,6,52
12/21/2020,2,6,44
12/22/2020,2,6,52
12/23/2020,2,6,51
12/24/2020,2,6,62
12/25/2020,2,6,54
12/26/2020,2,6,47
12/27/2020,2,6,59
12/28/2020,2,6,37
12/29/2020,2,6,47
12/30/2020,2,6,51
12/31/2020,2,6,41
1/1/2021,2,6,67
1/2/2021,2,6,77
1/3/2021,2,6,60
1/4/2021,2,6,47
1/5/2021,2,6,51
1/6/2021,2,6,45
1/7/2021,2,6,34
1/8/2021,2,6,46
1/9/2021,2,6,59
1/10/2021,2,6,68
1/11/2021,2,6,46
1/12/2021,2,6,53
1/13/2021,2,6,43
1/14/2021,2,6,50
1/15/2021,2,6,48
1/16/2021,2,6,43
1/17/2021,2,6,52
1/18/2021,2,6,34
1/19/2021,2,6,49
1/20/2021,2,6,57
1/21/2021,2,6,57
1/22/2021,2,6,68
1/23/2021,2,6,55
1/24/2021,2,6,52
1/25/2021,2,6,64
1/26/2021,2,6,57
1/27/2021,2,6,52
1/28/2021,2,6,59
1/29/2021,2,6,59
1/30/2021,2,6,56
1/31/2021,2,6,61
2/1/2021,2,6,51
2/2/2021,2,6,61
2/3/2021,2,6,57
2/4/2021,2,6,54
2/5/2021,2,6,62
2/6/2021,2,6,63
2/7/2021,2,6,70
2/8/2021,2,6,47
2/9/2021,2,6,68
2/10/2021,2,6,58
2/11/2021,2,6,74
2/12/2021,2,6,65
2/13/2021,2,6,61
2/14/2021,2,6,67
2/15/2021,2,6,49
2/16/2021,2,6,51
2/17/2021,2,6,56
2/18/2021,2,6,57
2/19/2021,2,6,52
2/20/2021,2,6,71
2/21/2021,2,6,67
2/22/2021,2,6,42
2/23/2021,2,6,64
2/24/2021,2,6,53
2/25/2021,2,6,67
2/26/2021,2,6,66
2/27/2021,2,6,63
2/28/2021,2,6,77
2/29/2021,2,6,43
3/1/2021,2,6,69
3/2/2021,2,6,61
3/3/2021,2,6,73
3/4/2021,2,6,68
3/5/2021,2,6,91
3/6/2021,2,6,82
3/7/2021,2,6,49
3/8/2021,2,6,70
3/9/2021,2,6,71
3/10/2021,2,6,72
3/11/2021,2,6,78
3/12/2021,2,6,84
3/13/2021,2,6,81
3/14/2021,2,6,61
3/15/2021,2,6,65
3/16/2021,2,6,67
3/17/2021,2,6,81
3/18/2021,2,6,76
3/19/2021,2,6,72
3/20/2021,2,6,72
3/21/2021,2,6,63
3/22/2021,2,6,94
3/23/2021,2,6,66
3/24/2021,2,6,75
3/25/2021,2,6,75
3/26/2021,2,6,93
3/27/2021,2,6,99
3/28/2021,2,6,60
3/29/2021,2,6,71
3/30/2021,2,6,68
3/31/2021,2,6,73
4/1/2021,2,6,97
4/2/2021,2,6,76
4/3/2021,2,6,94
4/4/2021,2,6,65
4/5/2021,2,6,82
4/6/2021,2,6,87
4/7/2021,2,6,91
4/8/2021,2,6,81
4/9/2021,2,6,106
4/10/2021,2,6,97
4/11/2021,2,6,57
4/12/2021,2,6,69
4/13/2021,2,6,80
4/14/2021,2,6,84
4/15/2021,2,6,87
4/16/2021,2,6,102
4/17/2021,2,6,96
4/18/2021,2,6,70
4/19/2021,2,6,78
4/20/2021,2,6,71
4/21/2021,2,6,70
4/22/2021,2,6,96
4/23/2021,2,6,95
4/24/2021,2,6,108
4/25/2021,2,6,69
4/26/2021,2,6,74
4/27/2021,2,6,70
4/28/2021,2,6,92
4/29/2021,2,6,91
4/30/2021,2,6,103
5/1/2021,2,6,107
5/2/2021,2,6,70
5/3/2021,2,6,80
5/4/2021,2,6,86
5/5/2021,2,6,108
5/6/2021,2,6,90
5/7/2021,2,6,124
5/8/2021,2,6,118
5/9/2021,2,6,65
5/10/2021,2,6,98
5/11/2021,2,6,86
5/12/2021,2,6,84
5/13/2021,2,6,109
5/14/2021,2,6,105
5/15/2021,2,6,111
5/16/2021,2,6,67
5/17/2021,2,6,106
5/18/2021,2,6,75
5/19/2021,2,6,96
5/20/2021,2,6,94
5/21/2021,2,6,105
5/22/2021,2,6,131
5/23/2021,2,6,67
5/24/2021,2,6,88
5/25/2021,2,6,92
5/26/2021,2,6,93
5/27/2021,2,6,107
5/28/2021,2,6,94
5/29/2021,2,6,105
5/30/2021,2,6,62
5/31/2021,2,6,83
6/1/2021,2,6,85
6/2/2021,2,6,113
6/3/2021,2,6,111
6/4/2021,2,6,118
6/5/2021,2,6,136
6/6/2021,2,6,73
6/7/2021,2,6,104
6/8/2021,2,6,98
6/9/2021,2,6,110
6/10/2021,2,6,103
6/11/2021,2,6,126
6/12/2021,2,6,107
6/13/2021,2,6,75
6/14/2021,2,6,80
6/15/2021,2,6,85
6/16/2021,2,6,110
6/17/2021,2,6,106
6/18/2021,2,6,115
6/19/2021,2,6,113
6/20/2021,2,6,92
6/21/2021,2,6,87
6/22/2021,2,6,86
6/23/2021,2,6,101
6/24/2021,2,6,94
6/25/2021,2,6,83
6/26/2021,2,6,121
6/27/2021,2,6,77
6/28/2021,2,6,99
6/29/2021,2,6,77
6/30/2021,2,6,81
7/1/2021,2,6,119
7/2/2021,2,6,121
7/3/2021,2,6,148
7/4/2021,2,6,93
7/5/2021,2,6,102
7/6/2021,2,6,99
7/7/2021,2,6,114
7/8/2021,2,6,123
7/9/2021,2,6,110
7/10/2021,2,6,122
7/11/2021,2,6,76
7/12/2021,2,6,94
7/13/2021,2,6,99
7/14/2021,2,6,107
7/15/2021,2,6,106
7/16/2021,2,6,111
7/17/2021,2,6,118
7/18/2021,2,6,82
7/19/2021,2,6,109
7/20/2021,2,6,93
7/21/2021,2,6,108
7/22/2021,2,6,102
7/23/2021,2,6,106
7/24/2021,2,6,103
7/25/2021,2,6,90
7/26/2021,2,6,97
7/27/2021,2,6,99
7/28/2021,2,6,77
7/29/2021,2,6,106
7/30/2021,2,6,121
7/31/2021,2,6,131
8/1/2021,2,6,88
8/2/2021,2,6,97
8/3/2021,2,6,88
8/4/2021,2,6,92
8/5/2021,2,6,98
8/6/2021,2,6,95
8/7/2021,2,6,105
8/8/2021,2,6,78
8/9/2021,2,6,72
8/10/2021,2,6,77
8/11/2021,2,6,88
8/12/2021,2,6,99
8/13/2021,2,6,92
8/14/2021,2,6,98
8/15/2021,2,6,63
8/16/2021,2,6,79
8/17/2021,2,6,97
8/18/2021,2,6,101
8/19/2021,2,6,96
8/20/2021,2,6,100
8/21/2021,2,6,100
8/22/2021,2,6,76
8/23/2021,2,6,75
8/24/2021,2,6,78
8/25/2021,2,6,106
8/26/2021,2,6,99
8/27/2021,2,6,91
8/28/2021,2,6,110
8/29/2021,2,6,84
8/30/2021,2,6,92
8/31/2021,2,6,90
9/1/2021,2,6,93
9/2/2021,2,6,91
9/3/2021,2,6,95
9/4/2021,2,6,105
9/5/2021,2,6,64
9/6/2021,2,6,76
9/7/2021,2,6,81
9/8/2021,2,6,76
9/9/2021,2,6,89
9/10/2021,2,6,101
9/11/2021,2,6,110
9/12/2021,2,6,51
9/13/2021,2,6,91
9/14/2021,2,6,64
9/15/2021,2,6,77
9/16/2021,2,6,97
9/17/2021,2,6,85
9/18/2021,2,6,98
9/19/2021,2,6,65
9/20/2021,2,6,70
9/21/2021,2,6,80
9/22/2021,2,6,98
9/23/2021,2,6,107
9/24/2021,2,6,80
9/25/2021,2,6,113
9/26/2021,2,6,90
9/27/2021,2,6,82
9/28/2021,2,6,87
9/29/2021,2,6,85
9/30/2021,2,6,92
10/1/2021,2,6,96
10/2/2021,2,6,99
10/3/2021,2,6,67
10/4/2021,2,6,67
10/5/2021,2,6,67
10/6/2021,2,6,79
10/7/2021,2,6,90
10/8/2021,2,6,90
10/9/2021,2,6,98
10/10/2021,2,6,64
10/11/2021,2,6,78
10/12/2021,2,6,74
10/13/2021,2,6,76
10/14/2021,2,6,77
10/15/2021,2,6,90
10/16/2021,2,6,94
10/17/2021,2,6,70
10/18/2021,2,6,66
10/19/2021,2,6,73
10/20/2021,2,6,72
10/21/2021,2,6,85
10/22/2021,2,6,93
10/23/2021,2,6,95
10/24/2021,2,6,57
10/25/2021,2,6,75
10/26/2021,2,6,69
10/27/2021,2,6,63
10/28/2021,2,6,80
10/29/2021,2,6,86
10/30/2021,2,6,91
10/31/2021,2,6,61
11/1/2021,2,6,81
11/2/2021,2,6,76
11/3/2021,2,6,112
11/4/2021,2,6,104
11/5/2021,2,6,98
11/6/2021,2,6,121
11/7/2021,2,6,70
11/8/2021,2,6,90
11/9/2021,2,6,93
11/10/2021,2,6,98
11/11/2021,2,6,97
11/12/2021,2,6,101
11/13/2021,2,6,94
11/14/2021,2,6,59
11/15/2021,2,6,75
11/16/2021,2,6,87
11/17/2021,2,6,91
11/18/2021,2,6,93
11/19/2021,2,6,120
11/20/2021,2,6,119
11/21/2021,2,6,78
11/22/2021,2,6,82
11/23/2021,2,6,72
11/24/2021,2,6,81
11/25/2021,2,6,76
11/26/2021,2,6,103
11/27/2021,2,6,113
11/28/2021,2,6,71
11/29/2021,2,6,86
11/30/2021,2,6,87
12/1/2021,2,6,57
12/2/2021,2,6,52
12/3/2021,2,6,80
12/4/2021,2,6,66
12/5/2021,2,6,50
12/6/2021,2,6,56
12/7/2021,2,6,52
12/8/2021,2,6,69
12/9/2021,2,6,53
12/10/2021,2,6,61
12/11/2021,2,6,82
12/12/2021,2,6,50
12/13/2021,2,6,65
12/14/2021,2,6,55
12/15/2021,2,6,56
12/16/2021,2,6,61
12/17/2021,2,6,62
12/18/2021,2,6,89
12/19/2021,2,6,56
12/20/2021,2,6,61
12/21/2021,2,6,56
12/22/2021,2,6,56
12/23/2021,2,6,51
12/24/2021,2,6,79
12/25/2021,2,6,78
12/26/2021,2,6,41
12/27/2021,2,6,58
12/28/2021,2,6,71
12/29/2021,2,6,68
12/30/2021,2,6,54
12/31/2021,2,6,77
1/1/2022,2,6,62
1/2/2022,2,6,38
1/3/2022,2,6,69
1/4/2022,2,6,55
1/5/2022,2,6,72
1/6/2022,2,6,57
1/7/2022,2,6,61
1/8/2022,2,6,76
1/9/2022,2,6,43
1/10/2022,2,6,55
1/11/2022,2,6,61
1/12/2022,2,6,57
1/13/2022,2,6,52
1/14/2022,2,6,60
1/15/2022,2,6,69
1/16/2022,2,6,46
1/17/2022,2,6,49
1/18/2022,2,6,69
1/19/2022,2,6,64
1/20/2022,2,6,59
1/21/2022,2,6,82
1/22/2022,2,6,67
1/23/2022,2,6,44
1/24/2022,2,6,45
1/25/2022,2,6,54
1/26/2022,2,6,58
1/27/2022,2,6,62
1/28/2022,2,6,72
1/29/2022,2,6,73
1/30/2022,2,6,42
1/31/2022,2,6,57
2/1/2022,2,6,58
2/2/2022,2,6,66
2/3/2022,2,6,66
2/4/2022,2,6,65
2/5/2022,2,6,69
2/6/2022,2,6,40
2/7/2022,2,6,71
2/8/2022,2,6,51
2/9/2022,2,6,63
2/10/2022,2,6,67
2/11/2022,2,6,85
2/12/2022,2,6,67
2/13/2022,2,6,53
2/14/2022,2,6,60
2/15/2022,2,6,51
2/16/2022,2,6,61
2/17/2022,2,6,68
2/18/2022,2,6,72
2/19/2022,2,6,74
2/20/2022,2,6,55
2/21/2022,2,6,63
2/22/2022,2,6,57
2/23/2022,2,6,60
2/24/2022,2,6,66
2/25/2022,2,6,70
2/26/2022,2,6,75
2/27/2022,2,6,52
2/28/2022,2,6,64
3/1/2022,2,6,66
3/2/2022,2,6,83
3/3/2022,2,6,82
3/4/2022,2,6,89
3/5/2022,2,6,80
3/6/2022,2,6,71
3/7/2022,2,6,77
3/8/2022,2,6,65
3/9/2022,2,6,68
3/10/2022,2,6,94
3/11/2022,2,6,80
3/12/2022,2,6,103
3/13/2022,2,6,67
3/14/2022,2,6,66
3/15/2022,2,6,65
3/16/2022,2,6,87
3/17/2022,2,6,85
3/18/2022,2,6,100
3/19/2022,2,6,95
3/20/2022,2,6,55
3/21/2022,2,6,71
3/22/2022,2,6,66
3/23/2022,2,6,80
3/24/2022,2,6,81
3/25/2022,2,6,71
3/26/2022,2,6,101
3/27/2022,2,6,58
3/28/2022,2,6,66
3/29/2022,2,6,67
3/30/2022,2,6,65
3/31/2022,2,6,75
4/1/2022,2,6,104
4/2/2022,2,6,114
4/3/2022,2,6,72
4/4/2022,2,6,78
4/5/2022,2,6,76
4/6/2022,2,6,78
4/7/2022,2,6,80
4/8/2022,2,6,92
4/9/2022,2,6,120
4/10/2022,2,6,101
4/11/2022,2,6,69
4/12/2022,2,6,81
4/13/2022,2,6,72
4/14/2022,2,6,91
4/15/2022,2,6,114
4/16/2022,2,6,90
4/17/2022,2,6,84
4/18/2022,2,6,80
4/19/2022,2,6,81
4/20/2022,2,6,85
4/21/2022,2,6,100
4/22/2022,2,6,113
4/23/2022,2,6,108
4/24/2022,2,6,68
4/25/2022,2,6,91
4/26/2022,2,6,90
4/27/2022,2,6,80
4/28/2022,2,6,100
4/29/2022,2,6,116
4/30/2022,2,6,120
5/1/2022,2,6,62
5/2/2022,2,6,89
5/3/2022,2,6,88
5/4/2022,2,6,68
5/5/2022,2,6,125
5/6/2022,2,6,103
5/7/2022,2,6,121
5/8/2022,2,6,76
5/9/2022,2,6,88
5/10/2022,2,6,73
5/11/2022,2,6,83
5/12/2022,2,6,102
5/13/2022,2,6,89
5/14/2022,2,6,133
5/15/2022,2,6,69
5/16/2022,2,6,85
5/17/2022,2,6,100
5/18/2022,2,6,94
5/19/2022,2,6,117
5/20/2022,2,6,119
5/21/2022,2,6,115
5/22/2022,2,6,79
5/23/2022,2,6,94
5/24/2022,2,6,86
5/25/2022,2,6,89
5/26/2022,2,6,106
5/27/2022,2,6,121
5/28/2022,2,6,116
5/29/2022,2,6,88
5/30/2022,2,6,94
5/31/2022,2,6,78
6/1/2022,2,6,84
6/2/2022,2,6,109
6/3/2022,2,6,110
6/4/2022,2,6,145
6/5/2022,2,6,88
6/6/2022,2,6,81
6/7/2022,2,6,97
6/8/2022,2,6,111
6/9/2022,2,6,90
6/10/2022,2,6,115
6/11/2022,2,6,123
6/12/2022,2,6,70
6/13/2022,2,6,99
6/14/2022,2,6,74
6/15/2022,2,6,107
6/16/2022,2,6,108
6/17/2022,2,6,121
6/18/2022,2,6,136
6/19/2022,2,6,82
6/20/2022,2,6,106
6/21/2022,2,6,81
6/22/2022,2,6,80
6/23/2022,2,6,108
6/24/2022,2,6,131
6/25/2022,2,6,115
6/26/2022,2,6,86
6/27/2022,2,6,85
6/28/2022,2,6,95
6/29/2022,2,6,123
6/30/2022,2,6,109
7/1/2022,2,6,127
7/2/2022,2,6,132
7/3/2022,2,6,87
7/4/2022,2,6,101
7/5/2022,2,6,102
7/6/2022,2,6,114
7/7/2022,2,6,96
7/8/2022,2,6,98
7/9/2022,2,6,111
7/10/2022,2,6,96
7/11/2022,2,6,94
7/12/2022,2,6,111
7/13/2022,2,6,110
7/14/2022,2,6,116
7/15/2022,2,6,114
7/16/2022,2,6,139
7/17/2022,2,6,87
7/18/2022,2,6,93
7/19/2022,2,6,97
7/20/2022,2,6,91
7/21/2022,2,6,100
7/22/2022,2,6,113
7/23/2022,2,6,141
7/24/2022,2,6,77
7/25/2022,2,6,97
7/26/2022,2,6,95
7/27/2022,2,6,112
7/28/2022,2,6,102
7/29/2022,2,6,117
7/30/2022,2,6,144
7/31/2022,2,6,75
8/1/2022,2,6,75
8/2/2022,2,6,90
8/3/2022,2,6,106
8/4/2022,2,6,91
8/5/2022,2,6,113
8/6/2022,2,6,108
8/7/2022,2,6,66
8/8/2022,2,6,97
8/9/2022,2,6,99
8/10/2022,2,6,103
8/11/2022,2,6,94
8/12/2022,2,6,113
8/13/2022,2,6,133
8/14/2022,2,6,67
8/15/2022,2,6,80
8/16/2022,2,6,92
8/17/2022,2,6,95
8/18/2022,2,6,94
8/19/2022,2,6,101
8/20/2022,2,6,91
8/21/2022,2,6,76
8/22/2022,2,6,93
8/23/2022,2,6,97
8/24/2022,2,6,102
8/25/2022,2,6,101
8/26/2022,2,6,104
8/27/2022,2,6,113
8/28/2022,2,6,74
8/29/2022,2,6,73
8/30/2022,2,6,76
8/31/2022,2,6,110
9/1/2022,2,6,100
9/2/2022,2,6,88
9/3/2022,2,6,114
9/4/2022,2,6,94
9/5/2022,2,6,82
9/6/2022,2,6,81
9/7/2022,2,6,76
9/8/2022,2,6,98
9/9/2022,2,6,100
9/10/2022,2,6,116
9/11/2022,2,6,76
9/12/2022,2,6,85
9/13/2022,2,6,82
9/14/2022,2,6,71
9/15/2022,2,6,91
9/16/2022,2,6,91
9/17/2022,2,6,102
9/18/2022,2,6,62
9/19/2022,2,6,97
9/20/2022,2,6,89
9/21/2022,2,6,72
9/22/2022,2,6,83
9/23/2022,2,6,96
9/24/2022,2,6,95
9/25/2022,2,6,69
9/26/2022,2,6,79
9/27/2022,2,6,80
9/28/2022,2,6,93
9/29/2022,2,6,98
9/30/2022,2,6,108
10/1/2022,2,6,92
10/2/2022,2,6,68
10/3/2022,2,6,56
10/4/2022,2,6,76
10/5/2022,2,6,89
10/6/2022,2,6,95
10/7/2022,2,6,102
10/8/2022,2,6,82
10/9/2022,2,6,62
10/10/2022,2,6,96
10/11/2022,2,6,57
10/12/2022,2,6,89
10/13/2022,2,6,80
10/14/2022,2,6,78
10/15/2022,2,6,93
10/16/2022,2,6,61
10/17/2022,2,6,90
10/18/2022,2,6,83
10/19/2022,2,6,82
10/20/2022,2,6,91
10/21/2022,2,6,87
10/22/2022,2,6,98
10/23/2022,2,6,63
10/24/2022,2,6,77
10/25/2022,2,6,75
10/26/2022,2,6,79
10/27/2022,2,6,105
10/28/2022,2,6,89
10/29/2022,2,6,74
10/30/2022,2,6,60
10/31/2022,2,6,89
11/1/2022,2,6,85
11/2/2022,2,6,72
11/3/2022,2,6,93
11/4/2022,2,6,103
11/5/2022,2,6,111
11/6/2022,2,6,53
11/7/2022,2,6,73
11/8/2022,2,6,76
11/9/2022,2,6,85
11/10/2022,2,6,78
11/11/2022,2,6,97
11/12/2022,2,6,90
11/13/2022,2,6,70
11/14/2022,2,6,97
11/15/2022,2,6,75
11/16/2022,2,6,89
11/17/2022,2,6,100
11/18/2022,2,6,100
11/19/2022,2,6,113
11/20/2022,2,6,67
11/21/2022,2,6,91
11/22/2022,2,6,67
11/23/2022,2,6,98
11/24/2022,2,6,84
11/25/2022,2,6,84
11/26/2022,2,6,119
11/27/2022,2,6,76
11/28/2022,2,6,79
11/29/2022,2,6,84
11/30/2022,2,6,76
12/1/2022,2,6,44
12/2/2022,2,6,80
12/3/2022,2,6,83
12/4/2022,2,6,59
12/5/2022,2,6,63
12/6/2022,2,6,65
12/7/2022,2,6,64
12/8/2022,2,6,61
12/9/2022,2,6,50
12/10/2022,2,6,71
12/11/2022,2,6,52
12/12/2022,2,6,64
12/13/2022,2,6,72
12/14/2022,2,6,66
12/15/2022,2,6,68
12/16/2022,2,6,88
12/17/2022,2,6,73
12/18/2022,2,6,43
12/19/2022,2,6,55
12/20/2022,2,6,60
12/21/2022,2,6,80
12/22/2022,2,6,66
12/23/2022,2,6,59
12/24/2022,2,6,73
12/25/2022,2,6,56
12/26/2022,2,6,54
12/27/2022,2,6,56
12/28/2022,2,6,63
12/29/2022,2,6,72
12/30/2022,2,6,67
12/31/2022,2,6,58
1/1/2018,3,6,34
1/2/2018,3,6,38
1/3/2018,3,6,32
1/4/2018,3,6,36
1/5/2018,3,6,36
1/6/2018,3,6,37
1/7/2018,3,6,25
1/8/2018,3,6,30
1/9/2018,3,6,38
1/10/2018,3,6,28
1/11/2018,3,6,44
1/12/2018,3,6,49
1/13/2018,3,6,40
1/14/2018,3,6,31
1/15/2018,3,6,27
1/16/2018,3,6,31
1/17/2018,3,6,34
1/18/2018,3,6,41
1/19/2018,3,6,43
1/20/2018,3,6,39
1/21/2018,3,6,31
1/22/2018,3,6,32
1/23/2018,3,6,36
1/24/2018,3,6,40
1/25/2018,3,6,44
1/26/2018,3,6,32
1/27/2018,3,6,54
1/28/2018,3,6,28
1/29/2018,3,6,34
1/30/2018,3,6,37
1/31/2018,3,6,45
2/1/2018,3,6,44
2/2/2018,3,6,50
2/3/2018,3,6,47
2/4/2018,3,6,40
2/5/2018,3,6,28
2/6/2018,3,6,45
2/7/2018,3,6,52
2/8/2018,3,6,51
2/9/2018,3,6,50
2/10/2018,3,6,50
2/11/2018,3,6,37
2/12/2018,3,6,30
2/13/2018,3,6,47
2/14/2018,3,6,39
2/15/2018,3,6,49
2/16/2018,3,6,56
2/17/2018,3,6,46
2/18/2018,3,6,28
2/19/2018,3,6,43
2/20/2018,3,6,39
2/21/2018,3,6,42
2/22/2018,3,6,38
2/23/2018,3,6,47
2/24/2018,3,6,49
2/25/2018,3,6,24
2/26/2018,3,6,28
2/27/2018,3,6,39
2/28/2018,3,6,47
3/1/2018,3,6,55
3/2/2018,3,6,54
3/3/2018,3,6,54
3/4/2018,3,6,34
3/5/2018,3,6,55
3/6/2018,3,6,42
3/7/2018,3,6,48
3/8/2018,3,6,50
3/9/2018,3,6,57
3/10/2018,3,6,58
3/11/2018,3,6,42
3/12/2018,3,6,40
3/13/2018,3,6,42
3/14/2018,3,6,54
3/15/2018,3,6,39
3/16/2018,3,6,67
3/17/2018,3,6,64
3/18/2018,3,6,36
3/19/2018,3,6,40
3/20/2018,3,6,37
3/21/2018,3,6,61
3/22/2018,3,6,53
3/23/2018,3,6,47
3/24/2018,3,6,59
3/25/2018,3,6,34
3/26/2018,3,6,49
3/27/2018,3,6,40
3/28/2018,3,6,54
3/29/2018,3,6,54
3/30/2018,3,6,54
3/31/2018,3,6,54
4/1/2018,3,6,44
4/2/2018,3,6,54
4/3/2018,3,6,54
4/4/2018,3,6,57
4/5/2018,3,6,65
4/6/2018,3,6,65
4/7/2018,3,6,62
4/8/2018,3,6,46
4/9/2018,3,6,57
4/10/2018,3,6,53
4/11/2018,3,6,63
4/12/2018,3,6,67
4/13/2018,3,6,64
4/14/2018,3,6,69
4/15/2018,3,6,41
4/16/2018,3,6,74
4/17/2018,3,6,49
4/18/2018,3,6,54
4/19/2018,3,6,59
4/20/2018,3,6,63
4/21/2018,3,6,63
4/22/2018,3,6,41
4/23/2018,3,6,55
4/24/2018,3,6,49
4/25/2018,3,6,61
4/26/2018,3,6,46
4/27/2018,3,6,53
4/28/2018,3,6,65
4/29/2018,3,6,44
4/30/2018,3,6,51
5/1/2018,3,6,61
5/2/2018,3,6,81
5/3/2018,3,6,65
5/4/2018,3,6,67
5/5/2018,3,6,86
5/6/2018,3,6,45
5/7/2018,3,6,56
5/8/2018,3,6,68
5/9/2018,3,6,71
5/10/2018,3,6,67
5/11/2018,3,6,68
5/12/2018,3,6,62
5/13/2018,3,6,52
5/14/2018,3,6,71
5/15/2018,3,6,62
5/16/2018,3,6,55
5/17/2018,3,6,56
5/18/2018,3,6,76
5/19/2018,3,6,64
5/20/2018,3,6,57
5/21/2018,3,6,49
5/22/2018,3,6,65
5/23/2018,3,6,65
5/24/2018,3,6,69
5/25/2018,3,6,65
5/26/2018,3,6,76
5/27/2018,3,6,54
5/28/2018,3,6,65
5/29/2018,3,6,59
5/30/2018,3,6,59
5/31/2018,3,6,60
6/1/2018,3,6,84
6/2/2018,3,6,82
6/3/2018,3,6,65
6/4/2018,3,6,59
6/5/2018,3,6,54
6/6/2018,3,6,74
6/7/2018,3,6,63
6/8/2018,3,6,75
6/9/2018,3,6,74
6/10/2018,3,6,52
6/11/2018,3,6,57
6/12/2018,3,6,76
6/13/2018,3,6,58
6/14/2018,3,6,85
6/15/2018,3,6,65
6/16/2018,3,6,89
6/17/2018,3,6,35
6/18/2018,3,6,59
6/19/2018,3,6,72
6/20/2018,3,6,57
6/21/2018,3,6,49
6/22/2018,3,6,77
6/23/2018,3,6,92
6/24/2018,3,6,63
6/25/2018,3,6,59
6/26/2018,3,6,67
6/27/2018,3,6,70
6/28/2018,3,6,78
6/29/2018,3,6,74
6/30/2018,3,6,66
7/1/2018,3,6,47
7/2/2018,3,6,60
7/3/2018,3,6,64
7/4/2018,3,6,68
7/5/2018,3,6,63
7/6/2018,3,6,81
7/7/2018,3,6,74
7/8/2018,3,6,56
7/9/2018,3,6,63
7/10/2018,3,6,68
7/11/2018,3,6,59
7/12/2018,3,6,64
7/13/2018,3,6,65
7/14/2018,3,6,85
7/15/2018,3,6,53
7/16/2018,3,6,84
7/17/2018,3,6,64
7/18/2018,3,6,87
7/19/2018,3,6,80
7/20/2018,3,6,89
7/21/2018,3,6,86
7/22/2018,3,6,46
7/23/2018,3,6,53
7/24/2018,3,6,59
7/25/2018,3,6,68
7/26/2018,3,6,71
7/27/2018,3,6,101
7/28/2018,3,6,87
7/29/2018,3,6,65
7/30/2018,3,6,75
7/31/2018,3,6,70
8/1/2018,3,6,54
8/2/2018,3,6,63
8/3/2018,3,6,76
8/4/2018,3,6,72
8/5/2018,3,6,44
8/6/2018,3,6,48
8/7/2018,3,6,56
8/8/2018,3,6,75
8/9/2018,3,6,58
8/10/2018,3,6,84
8/11/2018,3,6,78
8/12/2018,3,6,45
8/13/2018,3,6,51
8/14/2018,3,6,56
8/15/2018,3,6,78
8/16/2018,3,6,52
8/17/2018,3,6,63
8/18/2018,3,6,64
8/19/2018,3,6,51
8/20/2018,3,6,49
8/21/2018,3,6,67
8/22/2018,3,6,58
8/23/2018,3,6,71
8/24/2018,3,6,64
8/25/2018,3,6,58
8/26/2018,3,6,47
8/27/2018,3,6,49
8/28/2018,3,6,74
8/29/2018,3,6,63
8/30/2018,3,6,76
8/31/2018,3,6,75
9/1/2018,3,6,65
9/2/2018,3,6,52
9/3/2018,3,6,58
9/4/2018,3,6,55
9/5/2018,3,6,40
9/6/2018,3,6,65
9/7/2018,3,6,70
9/8/2018,3,6,70
9/9/2018,3,6,55
9/10/2018,3,6,56
9/11/2018,3,6,55
9/12/2018,3,6,64
9/13/2018,3,6,62
9/14/2018,3,6,78
9/15/2018,3,6,71
9/16/2018,3,6,54
9/17/2018,3,6,54
9/18/2018,3,6,37
9/19/2018,3,6,71
9/20/2018,3,6,64
9/21/2018,3,6,56
9/22/2018,3,6,57
9/23/2018,3,6,41
9/24/2018,3,6,61
9/25/2018,3,6,60
9/26/2018,3,6,56
9/27/2018,3,6,54
9/28/2018,3,6,70
9/29/2018,3,6,73
9/30/2018,3,6,44
10/1/2018,3,6,51
10/2/2018,3,6,52
10/3/2018,3,6,54
10/4/2018,3,6,53
10/5/2018,3,6,66
10/6/2018,3,6,61
10/7/2018,3,6,34
10/8/2018,3,6,42
10/9/2018,3,6,59
10/10/2018,3,6,58
10/11/2018,3,6,49
10/12/2018,3,6,67
10/13/2018,3,6,71
10/14/2018,3,6,38
10/15/2018,3,6,51
10/16/2018,3,6,49
10/17/2018,3,6,49
10/18/2018,3,6,57
10/19/2018,3,6,58
10/20/2018,3,6,68
10/21/2018,3,6,43
10/22/2018,3,6,46
10/23/2018,3,6,58
10/24/2018,3,6,45
10/25/2018,3,6,77
10/26/2018,3,6,63
10/27/2018,3,6,63
10/28/2018,3,6,51
10/29/2018,3,6,50
10/30/2018,3,6,67
10/31/2018,3,6,57
11/1/2018,3,6,58
11/2/2018,3,6,60
11/3/2018,3,6,77
11/4/2018,3,6,46
11/5/2018,3,6,48
11/6/2018,3,6,56
11/7/2018,3,6,44
11/8/2018,3,6,60
11/9/2018,3,6,71
11/10/2018,3,6,73
11/11/2018,3,6,42
11/12/2018,3,6,56
11/13/2018,3,6,44
11/14/2018,3,6,47
11/15/2018,3,6,48
11/16/2018,3,6,52
11/17/2018,3,6,79
11/18/2018,3,6,50
11/19/2018,3,6,56
11/20/2018,3,6,66
11/21/2018,3,6,62
11/22/2018,3,6,56
11/23/2018,3,6,54
11/24/2018,3,6,55
11/25/2018,3,6,54
11/26/2018,3,6,57
11/27/2018,3,6,52
11/28/2018,3,6,70
11/29/2018,3,6,82
11/30/2018,3,6,78
12/1/2018,3,6,48
12/2/2018,3,6,38
12/3/2018,3,6,40
12/4/2018,3,6,36
12/5/2018,3,6,48
12/6/2018,3,6,43
12/7/2018,3,6,50
12/8/2018,3,6,54
12/9/2018,3,6,33
12/10/2018,3,6,37
12/11/2018,3,6,38
12/12/2018,3,6,43
12/13/2018,3,6,44
12/14/2018,3,6,57
12/15/2018,3,6,51
12/16/2018,3,6,29
12/17/2018,3,6,40
12/18/2018,3,6,32
12/19/2018,3,6,42
12/20/2018,3,6,48
12/21/2018,3,6,40
12/22/2018,3,6,47
12/23/2018,3,6,39
12/24/2018,3,6,32
12/25/2018,3,6,38
12/26/2018,3,6,35
12/27/2018,3,6,59
12/28/2018,3,6,48
12/29/2018,3,6,44
12/30/2018,3,6,39
12/31/2018,3,6,43
1/1/2019,3,6,49
1/2/2019,3,6,43
1/3/2019,3,6,43
1/4/2019,3,6,49
1/5/2019,3,6,48
1/6/2019,3,6,34
1/7/2019,3,6,37
1/8/2019,3,6,39
1/9/2019,3,6,45
1/10/2019,3,6,44
1/11/2019,3,6,58
1/12/2019,3,6,59
1/13/2019,3,6,27
1/14/2019,3,6,35
1/15/2019,3,6,26
1/16/2019,3,6,59
1/17/2019,3,6,48
1/18/2019,3,6,45
1/19/2019,3,6,54
1/20/2019,3,6,28
1/21/2019,3,6,42
1/22/2019,3,6,42
1/23/2019,3,6,39
1/24/2019,3,6,48
1/25/2019,3,6,45
1/26/2019,3,6,52
1/27/2019,3,6,32
1/28/2019,3,6,46
1/29/2019,3,6,43
1/30/2019,3,6,41
1/31/2019,3,6,44
2/1/2019,3,6,49
2/2/2019,3,6,63
2/3/2019,3,6,30
2/4/2019,3,6,37
2/5/2019,3,6,40
2/6/2019,3,6,57
2/7/2019,3,6,44
2/8/2019,3,6,54
2/9/2019,3,6,74
2/10/2019,3,6,35
2/11/2019,3,6,42
2/12/2019,3,6,46
2/13/2019,3,6,28
2/14/2019,3,6,51
2/15/2019,3,6,51
2/16/2019,3,6,55
2/17/2019,3,6,32
2/18/2019,3,6,43
2/19/2019,3,6,47
2/20/2019,3,6,52
2/21/2019,3,6,51
2/22/2019,3,6,56
2/23/2019,3,6,60
2/24/2019,3,6,39
2/25/2019,3,6,42
2/26/2019,3,6,38
2/27/2019,3,6,44
2/28/2019,3,6,46
3/1/2019,3,6,65
3/2/2019,3,6,62
3/3/2019,3,6,44
3/4/2019,3,6,49
3/5/2019,3,6,46
3/6/2019,3,6,70
3/7/2019,3,6,51
3/8/2019,3,6,61
3/9/2019,3,6,49
3/10/2019,3,6,47
3/11/2019,3,6,45
3/12/2019,3,6,56
3/13/2019,3,6,54
3/14/2019,3,6,52
3/15/2019,3,6,70
3/16/2019,3,6,67
3/17/2019,3,6,41
3/18/2019,3,6,50
3/19/2019,3,6,46
3/20/2019,3,6,45
3/21/2019,3,6,64
3/22/2019,3,6,67
3/23/2019,3,6,70
3/24/2019,3,6,49
3/25/2019,3,6,58
3/26/2019,3,6,57
3/27/2019,3,6,67
3/28/2019,3,6,66
3/29/2019,3,6,67
3/30/2019,3,6,79
3/31/2019,3,6,59
4/1/2019,3,6,69
4/2/2019,3,6,57
4/3/2019,3,6,74
4/4/2019,3,6,64
4/5/2019,3,6,64
4/6/2019,3,6,92
4/7/2019,3,6,43
4/8/2019,3,6,61
4/9/2019,3,6,67
4/10/2019,3,6,72
4/11/2019,3,6,71
4/12/2019,3,6,98
4/13/2019,3,6,87
4/14/2019,3,6,54
4/15/2019,3,6,75
4/16/2019,3,6,69
4/17/2019,3,6,63
4/18/2019,3,6,72
4/19/2019,3,6,94
4/20/2019,3,6,80
4/21/2019,3,6,55
4/22/2019,3,6,74
4/23/2019,3,6,60
4/24/2019,3,6,82
4/25/2019,3,6,83
4/26/2019,3,6,70
4/27/2019,3,6,98
4/28/2019,3,6,62
4/29/2019,3,6,54
4/30/2019,3,6,61
5/1/2019,3,6,73
5/2/2019,3,6,76
5/3/2019,3,6,107
5/4/2019,3,6,94
5/5/2019,3,6,47
5/6/2019,3,6,57
5/7/2019,3,6,65
5/8/2019,3,6,72
5/9/2019,3,6,74
5/10/2019,3,6,74
5/11/2019,3,6,86
5/12/2019,3,6,58
5/13/2019,3,6,71
5/14/2019,3,6,69
5/15/2019,3,6,68
5/16/2019,3,6,75
5/17/2019,3,6,71
5/18/2019,3,6,85
5/19/2019,3,6,54
5/20/2019,3,6,94
5/21/2019,3,6,76
5/22/2019,3,6,67
5/23/2019,3,6,76
5/24/2019,3,6,87
5/25/2019,3,6,94
5/26/2019,3,6,68
5/27/2019,3,6,67
5/28/2019,3,6,78
5/29/2019,3,6,79
5/30/2019,3,6,68
5/31/2019,3,6,68
6/1/2019,3,6,107
6/2/2019,3,6,78
6/3/2019,3,6,71
6/4/2019,3,6,66
6/5/2019,3,6,64
6/6/2019,3,6,80
6/7/2019,3,6,77
6/8/2019,3,6,83
6/9/2019,3,6,72
6/10/2019,3,6,73
6/11/2019,3,6,70
6/12/2019,3,6,66
6/13/2019,3,6,76
6/14/2019,3,6,90
6/15/2019,3,6,84
6/16/2019,3,6,56
6/17/2019,3,6,67
6/18/2019,3,6,90
6/19/2019,3,6,62
6/20/2019,3,6,90
6/21/2019,3,6,90
6/22/2019,3,6,95
6/23/2019,3,6,69
6/24/2019,3,6,48
6/25/2019,3,6,69
6/26/2019,3,6,83
6/27/2019,3,6,72
6/28/2019,3,6,86
6/29/2019,3,6,95
6/30/2019,3,6,74
7/1/2019,3,6,76
7/2/2019,3,6,72
7/3/2019,3,6,90
7/4/2019,3,6,72
7/5/2019,3,6,103
7/6/2019,3,6,107
7/7/2019,3,6,73
7/8/2019,3,6,73
7/9/2019,3,6,74
7/10/2019,3,6,80
7/11/2019,3,6,79
7/12/2019,3,6,94
7/13/2019,3,6,89
7/14/2019,3,6,63
7/15/2019,3,6,72
7/16/2019,3,6,64
7/17/2019,3,6,74
7/18/2019,3,6,81
7/19/2019,3,6,80
7/20/2019,3,6,85
7/21/2019,3,6,53
7/22/2019,3,6,81
7/23/2019,3,6,72
7/24/2019,3,6,101
7/25/2019,3,6,89
7/26/2019,3,6,87
7/27/2019,3,6,91
7/28/2019,3,6,67
7/29/2019,3,6,68
7/30/2019,3,6,63
7/31/2019,3,6,84
8/1/2019,3,6,71
8/2/2019,3,6,75
8/3/2019,3,6,88
8/4/2019,3,6,50
8/5/2019,3,6,70
8/6/2019,3,6,66
8/7/2019,3,6,79
8/8/2019,3,6,68
8/9/2019,3,6,79
8/10/2019,3,6,85
8/11/2019,3,6,53
8/12/2019,3,6,58
8/13/2019,3,6,68
8/14/2019,3,6,63
8/15/2019,3,6,88
8/16/2019,3,6,73
8/17/2019,3,6,86
8/18/2019,3,6,63
8/19/2019,3,6,73
8/20/2019,3,6,69
8/21/2019,3,6,66
8/22/2019,3,6,79
8/23/2019,3,6,71
8/24/2019,3,6,100
8/25/2019,3,6,55
8/26/2019,3,6,82
8/27/2019,3,6,72
8/28/2019,3,6,70
8/29/2019,3,6,74
8/30/2019,3,6,83
8/31/2019,3,6,95
9/1/2019,3,6,54
9/2/2019,3,6,67
9/3/2019,3,6,66
9/4/2019,3,6,73
9/5/2019,3,6,77
9/6/2019,3,6,83
9/7/2019,3,6,76
9/8/2019,3,6,57
9/9/2019,3,6,60
9/10/2019,3,6,64
9/11/2019,3,6,78
9/12/2019,3,6,78
9/13/2019,3,6,87
9/14/2019,3,6,100
9/15/2019,3,6,54
9/16/2019,3,6,62
9/17/2019,3,6,61
9/18/2019,3,6,65
9/19/2019,3,6,85
9/20/2019,3,6,69
9/21/2019,3,6,78
9/22/2019,3,6,43
9/23/2019,3,6,60
9/24/2019,3,6,74
9/25/2019,3,6,72
9/26/2019,3,6,82
9/27/2019,3,6,80
9/28/2019,3,6,70
9/29/2019,3,6,58
9/30/2019,3,6,67
10/1/2019,3,6,55
10/2/2019,3,6,63
10/3/2019,3,6,63
10/4/2019,3,6,73
10/5/2019,3,6,60
10/6/2019,3,6,51
10/7/2019,3,6,61
10/8/2019,3,6,58
10/9/2019,3,6,69
10/10/2019,3,6,67
10/11/2019,3,6,65
10/12/2019,3,6,79
10/13/2019,3,6,48
10/14/2019,3,6,57
10/15/2019,3,6,63
10/16/2019,3,6,66
10/17/2019,3,6,75
10/18/2019,3,6,81
10/19/2019,3,6,68
10/20/2019,3,6,43
10/21/2019,3,6,54
10/22/2019,3,6,62
10/23/2019,3,6,64
10/24/2019,3,6,61
10/25/2019,3,6,59
10/26/2019,3,6,85
10/27/2019,3,6,52
10/28/2019,3,6,65
10/29/2019,3,6,53
10/30/2019,3,6,67
10/31/2019,3,6,73
11/1/2019,3,6,70
11/2/2019,3,6,88
11/3/2019,3,6,63
11/4/2019,3,6,60
11/5/2019,3,6,62
11/6/2019,3,6,65
11/7/2019,3,6,76
11/8/2019,3,6,68
11/9/2019,3,6,75
11/10/2019,3,6,61
11/11/2019,3,6,63
11/12/2019,3,6,59
11/13/2019,3,6,77
11/14/2019,3,6,79
11/15/2019,3,6,88
11/16/2019,3,6,80
11/17/2019,3,6,52
11/18/2019,3,6,63
11/19/2019,3,6,55
11/20/2019,3,6,64
11/21/2019,3,6,65
11/22/2019,3,6,66
11/23/2019,3,6,71
11/24/2019,3,6,65
11/25/2019,3,6,60
11/26/2019,3,6,64
11/27/2019,3,6,67
11/28/2019,3,6,69
11/29/2019,3,6,73
11/30/2019,3,6,73
12/1/2019,3,6,35
12/2/2019,3,6,44
12/3/2019,3,6,44
12/4/2019,3,6,50
12/5/2019,3,6,41
12/6/2019,3,6,49
12/7/2019,3,6,61
12/8/2019,3,6,35
12/9/2019,3,6,49
12/10/2019,3,6,45
12/11/2019,3,6,49
12/12/2019,3,6,62
12/13/2019,3,6,54
12/14/2019,3,6,65
12/15/2019,3,6,29
12/16/2019,3,6,41
12/17/2019,3,6,44
12/18/2019,3,6,44
12/19/2019,3,6,45
12/20/2019,3,6,69
12/21/2019,3,6,68
12/22/2019,3,6,35
12/23/2019,3,6,40
12/24/2019,3,6,52
12/25/2019,3,6,49
12/26/2019,3,6,50
12/27/2019,3,6,52
12/28/2019,3,6,55
12/29/2019,3,6,46
12/30/2019,3,6,42
12/31/2019,3,6,40
1/1/2020,3,6,53
1/2/2020,3,6,53
1/3/2020,3,6,49
1/4/2020,3,6,49
1/5/2020,3,6,34
1/6/2020,3,6,38
1/7/2020,3,6,33
1/8/2020,3,6,45
1/9/2020,3,6,52
1/10/2020,3,6,52
1/11/2020,3,6,55
1/12/2020,3,6,27
1/13/2020,3,6,51
1/14/2020,3,6,36
1/15/2020,3,6,45
1/16/2020,3,6,38
1/17/2020,3,6,69
1/18/2020,3,6,57
1/19/2020,3,6,36
1/20/2020,3,6,42
1/21/2020,3,6,41
1/22/2020,3,6,46
1/23/2020,3,6,50
1/24/2020,3,6,41
1/25/2020,3,6,48
1/26/2020,3,6,36
1/27/2020,3,6,49
1/28/2020,3,6,41
1/29/2020,3,6,36
1/30/2020,3,6,38
1/31/2020,3,6,57
2/1/2020,3,6,64
2/2/2020,3,6,43
2/3/2020,3,6,48
2/4/2020,3,6,50
2/5/2020,3,6,56
2/6/2020,3,6,60
2/7/2020,3,6,46
2/8/2020,3,6,54
2/9/2020,3,6,47
2/10/2020,3,6,44
2/11/2020,3,6,54
2/12/2020,3,6,54
2/13/2020,3,6,50
2/14/2020,3,6,57
2/15/2020,3,6,70
2/16/2020,3,6,50
2/17/2020,3,6,54
2/18/2020,3,6,37
2/19/2020,3,6,44
2/20/2020,3,6,54
2/21/2020,3,6,71
2/22/2020,3,6,72
2/23/2020,3,6,43
2/24/2020,3,6,40
2/25/2020,3,6,48
2/26/2020,3,6,54
2/27/2020,3,6,79
2/28/2020,3,6,46
3/1/2020,3,6,85
3/2/2020,3,6,52
3/3/2020,3,6,52
3/4/2020,3,6,58
3/5/2020,3,6,62
3/6/2020,3,6,74
3/7/2020,3,6,73
3/8/2020,3,6,68
3/9/2020,3,6,57
3/10/2020,3,6,70
3/11/2020,3,6,69
3/12/2020,3,6,61
3/13/2020,3,6,57
3/14/2020,3,6,58
3/15/2020,3,6,86
3/16/2020,3,6,50
3/17/2020,3,6,51
3/18/2020,3,6,56
3/19/2020,3,6,55
3/20/2020,3,6,68
3/21/2020,3,6,69
3/22/2020,3,6,96
3/23/2020,3,6,50
3/24/2020,3,6,47
3/25/2020,3,6,47
3/26/2020,3,6,54
3/27/2020,3,6,69
3/28/2020,3,6,65
3/29/2020,3,6,90
3/30/2020,3,6,39
3/31/2020,3,6,51
4/1/2020,3,6,63
4/2/2020,3,6,70
4/3/2020,3,6,70
4/4/2020,3,6,92
4/5/2020,3,6,92
4/6/2020,3,6,58
4/7/2020,3,6,68
4/8/2020,3,6,66
4/9/2020,3,6,68
4/10/2020,3,6,79
4/11/2020,3,6,80
4/12/2020,3,6,90
4/13/2020,3,6,55
4/14/2020,3,6,69
4/15/2020,3,6,70
4/16/2020,3,6,66
4/17/2020,3,6,74
4/18/2020,3,6,80
4/19/2020,3,6,66
4/20/2020,3,6,62
4/21/2020,3,6,64
4/22/2020,3,6,69
4/23/2020,3,6,71
4/24/2020,3,6,75
4/25/2020,3,6,88
4/26/2020,3,6,100
4/27/2020,3,6,61
4/28/2020,3,6,57
4/29/2020,3,6,66
4/30/2020,3,6,68
5/1/2020,3,6,96
5/2/2020,3,6,100
5/3/2020,3,6,94
5/4/2020,3,6,62
5/5/2020,3,6,58
5/6/2020,3,6,64
5/7/2020,3,6,75
5/8/2020,3,6,80
5/9/2020,3,6,101
5/10/2020,3,6,115
5/11/2020,3,6,58
5/12/2020,3,6,85
5/13/2020,3,6,85
5/14/2020,3,6,59
5/15/2020,3,6,84
5/16/2020,3,6,90
5/17/2020,3,6,97
5/18/2020,3,6,64
5/19/2020,3,6,64
5/20/2020,3,6,62
5/21/2020,3,6,75
5/22/2020,3,6,81
5/23/2020,3,6,81
5/24/2020,3,6,77
5/25/2020,3,6,64
5/26/2020,3,6,74
5/27/2020,3,6,61
5/28/2020,3,6,64
5/29/2020,3,6,80
5/30/2020,3,6,82
5/31/2020,3,6,107
6/1/2020,3,6,61
6/2/2020,3,6,80
6/3/2020,3,6,66
6/4/2020,3,6,82
6/5/2020,3,6,78
6/6/2020,3,6,88
6/7/2020,3,6,87
6/8/2020,3,6,51
6/9/2020,3,6,85
6/10/2020,3,6,72
6/11/2020,3,6,82
6/12/2020,3,6,81
6/13/2020,3,6,100
6/14/2020,3,6,95
6/15/2020,3,6,75
6/16/2020,3,6,86
6/17/2020,3,6,65
6/18/2020,3,6,93
6/19/2020,3,6,83
6/20/2020,3,6,84
6/21/2020,3,6,84
6/22/2020,3,6,67
6/23/2020,3,6,87
6/24/2020,3,6,76
6/25/2020,3,6,81
6/26/2020,3,6,74
6/27/2020,3,6,65
6/28/2020,3,6,93
6/29/2020,3,6,76
6/30/2020,3,6,72
7/1/2020,3,6,75
7/2/2020,3,6,80
7/3/2020,3,6,94
7/4/2020,3,6,108
7/5/2020,3,6,90
7/6/2020,3,6,79
7/7/2020,3,6,90
7/8/2020,3,6,74
7/9/2020,3,6,95
7/10/2020,3,6,84
7/11/2020,3,6,107
7/12/2020,3,6,119
7/13/2020,3,6,56
7/14/2020,3,6,71
7/15/2020,3,6,72
7/16/2020,3,6,90
7/17/2020,3,6,74
7/18/2020,3,6,107
7/19/2020,3,6,109
7/20/2020,3,6,64
7/21/2020,3,6,89
7/22/2020,3,6,88
7/23/2020,3,6,85
7/24/2020,3,6,85
7/25/2020,3,6,106
7/26/2020,3,6,100
7/27/2020,3,6,71
7/28/2020,3,6,82
7/29/2020,3,6,75
7/30/2020,3,6,80
7/31/2020,3,6,98
8/1/2020,3,6,81
8/2/2020,3,6,82
8/3/2020,3,6,56
8/4/2020,3,6,62
8/5/2020,3,6,69
8/6/2020,3,6,79
8/7/2020,3,6,80
8/8/2020,3,6,86
8/9/2020,3,6,102
8/10/2020,3,6,60
8/11/2020,3,6,74
8/12/2020,3,6,62
8/13/2020,3,6,67
8/14/2020,3,6,75
8/15/2020,3,6,83
8/16/2020,3,6,100
8/17/2020,3,6,53
8/18/2020,3,6,57
8/19/2020,3,6,68
8/20/2020,3,6,71
8/21/2020,3,6,91
8/22/2020,3,6,74
8/23/2020,3,6,118
8/24/2020,3,6,56
8/25/2020,3,6,69
8/26/2020,3,6,73
8/27/2020,3,6,83
8/28/2020,3,6,88
8/29/2020,3,6,90
8/30/2020,3,6,83
8/31/2020,3,6,61
9/1/2020,3,6,69
9/2/2020,3,6,59
9/3/2020,3,6,73
9/4/2020,3,6,87
9/5/2020,3,6,83
9/6/2020,3,6,87
9/7/2020,3,6,51
9/8/2020,3,6,55
9/9/2020,3,6,61
9/10/2020,3,6,86
9/11/2020,3,6,76
9/12/2020,3,6,78
9/13/2020,3,6,81
9/14/2020,3,6,56
9/15/2020,3,6,54
9/16/2020,3,6,56
9/17/2020,3,6,64
9/18/2020,3,6,89
9/19/2020,3,6,85
9/20/2020,3,6,89
9/21/2020,3,6,57
9/22/2020,3,6,65
9/23/2020,3,6,60
9/24/2020,3,6,68
9/25/2020,3,6,87
9/26/2020,3,6,84
9/27/2020,3,6,78
9/28/2020,3,6,56
9/29/2020,3,6,53
9/30/2020,3,6,79
10/1/2020,3,6,53
10/2/2020,3,6,70
10/3/2020,3,6,74
10/4/2020,3,6,85
10/5/2020,3,6,43
10/6/2020,3,6,60
10/7/2020,3,6,62
10/8/2020,3,6,79
10/9/2020,3,6,58
10/10/2020,3,6,67
10/11/2020,3,6,61
10/12/2020,3,6,48
10/13/2020,3,6,67
10/14/2020,3,6,67
10/15/2020,3,6,75
10/16/2020,3,6,57
10/17/2020,3,6,71
10/18/2020,3,6,77
10/19/2020,3,6,52
10/20/2020,3,6,71
10/21/2020,3,6,54
10/22/2020,3,6,70
10/23/2020,3,6,61
10/24/2020,3,6,79
10/25/2020,3,6,99
10/26/2020,3,6,52
10/27/2020,3,6,58
10/28/2020,3,6,59
10/29/2020,3,6,65
10/30/2020,3,6,80
10/31/2020,3,6,81
11/1/2020,3,6,79
11/2/2020,3,6,54
11/3/2020,3,6,56
11/4/2020,3,6,66
11/5/2020,3,6,76
11/6/2020,3,6,87
11/7/2020,3,6,78
11/8/2020,3,6,80
11/9/2020,3,6,49
11/10/2020,3,6,82
11/11/2020,3,6,71
11/12/2020,3,6,73
11/13/2020,3,6,68
11/14/2020,3,6,79
11/15/2020,3,6,97
11/16/2020,3,6,54
11/17/2020,3,6,80
11/18/2020,3,6,80
11/19/2020,3,6,72
11/20/2020,3,6,66
11/21/2020,3,6,76
11/22/2020,3,6,89
11/23/2020,3,6,49
11/24/2020,3,6,68
11/25/2020,3,6,64
11/26/2020,3,6,64
11/27/2020,3,6,81
11/28/2020,3,6,71
11/29/2020,3,6,88
11/30/2020,3,6,65
12/1/2020,3,6,50
12/2/2020,3,6,51
12/3/2020,3,6,43
12/4/2020,3,6,49
12/5/2020,3,6,54
12/6/2020,3,6,52
12/7/2020,3,6,40
12/8/2020,3,6,58
12/9/2020,3,6,49
12/10/2020,3,6,39
12/11/2020,3,6,59
12/12/2020,3,6,73
12/13/2020,3,6,68
12/14/2020,3,6,40
12/15/2020,3,6,40
12/16/2020,3,6,43
12/17/2020,3,6,49
12/18/2020,3,6,53
12/19/2020,3,6,51
12/20/2020,3,6,47
12/21/2020,3,6,33
12/22/2020,3,6,43
12/23/2020,3,6,61
12/24/2020,3,6,45
12/25/2020,3,6,56
12/26/2020,3,6,66
12/27/2020,3,6,48
12/28/2020,3,6,49
12/29/2020,3,6,55
12/30/2020,3,6,43
12/31/2020,3,6,52
1/1/2021,3,6,46
1/2/2021,3,6,55
1/3/2021,3,6,70
1/4/2021,3,6,41
1/5/2021,3,6,37
1/6/2021,3,6,40
1/7/2021,3,6,44
1/8/2021,3,6,57
1/9/2021,3,6,58
1/10/2021,3,6,58
1/11/2021,3,6,39
1/12/2021,3,6,49
1/13/2021,3,6,47
1/14/2021,3,6,40
1/15/2021,3,6,54
1/16/2021,3,6,56
1/17/2021,3,6,56
1/18/2021,3,6,40
1/19/2021,3,6,43
1/20/2021,3,6,43
1/21/2021,3,6,52
1/22/2021,3,6,45
1/23/2021,3,6,51
1/24/2021,3,6,58
1/25/2021,3,6,29
1/26/2021,3,6,50
1/27/2021,3,6,41
1/28/2021,3,6,40
1/29/2021,3,6,61
1/30/2021,3,6,46
1/31/2021,3,6,61
2/1/2021,3,6,42
2/2/2021,3,6,42
2/3/2021,3,6,68
2/4/2021,3,6,49
2/5/2021,3,6,55
2/6/2021,3,6,63
2/7/2021,3,6,45
2/8/2021,3,6,51
2/9/2021,3,6,49
2/10/2021,3,6,59
2/11/2021,3,6,52
2/12/2021,3,6,65
2/13/2021,3,6,71
2/14/2021,3,6,55
2/15/2021,3,6,33
2/16/2021,3,6,54
2/17/2021,3,6,56
2/18/2021,3,6,53
2/19/2021,3,6,53
2/20/2021,3,6,73
2/21/2021,3,6,74
2/22/2021,3,6,46
2/23/2021,3,6,44
2/24/2021,3,6,46
2/25/2021,3,6,53
2/26/2021,3,6,64
2/27/2021,3,6,55
2/28/2021,3,6,70
2/29/2021,3,6,35
3/1/2021,3,6,66
3/2/2021,3,6,69
3/3/2021,3,6,72
3/4/2021,3,6,68
3/5/2021,3,6,71
3/6/2021,3,6,93
3/7/2021,3,6,49
3/8/2021,3,6,58
3/9/2021,3,6,52
3/10/2021,3,6,54
3/11/2021,3,6,87
3/12/2021,3,6,66
3/13/2021,3,6,80
3/14/2021,3,6,60
3/15/2021,3,6,49
3/16/2021,3,6,47
3/17/2021,3,6,69
3/18/2021,3,6,78
3/19/2021,3,6,85
3/20/2021,3,6,77
3/21/2021,3,6,57
3/22/2021,3,6,69
3/23/2021,3,6,78
3/24/2021,3,6,66
3/25/2021,3,6,58
3/26/2021,3,6,84
3/27/2021,3,6,95
3/28/2021,3,6,59
3/29/2021,3,6,71
3/30/2021,3,6,65
3/31/2021,3,6,69
4/1/2021,3,6,90
4/2/2021,3,6,95
4/3/2021,3,6,87
4/4/2021,3,6,51
4/5/2021,3,6,61
4/6/2021,3,6,58
4/7/2021,3,6,77
4/8/2021,3,6,87
4/9/2021,3,6,88
4/10/2021,3,6,88
4/11/2021,3,6,53
4/12/2021,3,6,66
4/13/2021,3,6,67
4/14/2021,3,6,72
4/15/2021,3,6,79
4/16/2021,3,6,95
4/17/2021,3,6,84
4/18/2021,3,6,59
4/19/2021,3,6,90
4/20/2021,3,6,61
4/21/2021,3,6,83
4/22/2021,3,6,75
4/23/2021,3,6,77
4/24/2021,3,6,83
4/25/2021,3,6,57
4/26/2021,3,6,80
4/27/2021,3,6,71
4/28/2021,3,6,67
4/29/2021,3,6,87
4/30/2021,3,6,104
5/1/2021,3,6,94
5/2/2021,3,6,61
5/3/2021,3,6,79
5/4/2021,3,6,77
5/5/2021,3,6,89
5/6/2021,3,6,76
5/7/2021,3,6,91
5/8/2021,3,6,86
5/9/2021,3,6,74
5/10/2021,3,6,87
5/11/2021,3,6,81
5/12/2021,3,6,85
5/13/2021,3,6,92
5/14/2021,3,6,100
5/15/2021,3,6,105
5/16/2021,3,6,66
5/17/2021,3,6,73
5/18/2021,3,6,71
5/19/2021,3,6,89
5/20/2021,3,6,82
5/21/2021,3,6,77
5/22/2021,3,6,85
5/23/2021,3,6,85
5/24/2021,3,6,79
5/25/2021,3,6,68
5/26/2021,3,6,82
5/27/2021,3,6,80
5/28/2021,3,6,87
5/29/2021,3,6,88
5/30/2021,3,6,70
5/31/2021,3,6,71
6/1/2021,3,6,86
6/2/2021,3,6,97
6/3/2021,3,6,103
6/4/2021,3,6,79
6/5/2021,3,6,110
6/6/2021,3,6,78
6/7/2021,3,6,78
6/8/2021,3,6,85
6/9/2021,3,6,92
6/10/2021,3,6,93
6/11/2021,3,6,82
6/12/2021,3,6,113
6/13/2021,3,6,75
6/14/2021,3,6,69
6/15/2021,3,6,77
6/16/2021,3,6,81
6/17/2021,3,6,96
6/18/2021,3,6,94
6/19/2021,3,6,94
6/20/2021,3,6,70
6/21/2021,3,6,88
6/22/2021,3,6,83
6/23/2021,3,6,85
6/24/2021,3,6,89
6/25/2021,3,6,99
6/26/2021,3,6,111
6/27/2021,3,6,67
6/28/2021,3,6,85
6/29/2021,3,6,83
6/30/2021,3,6,72
7/1/2021,3,6,107
7/2/2021,3,6,110
7/3/2021,3,6,124
7/4/2021,3,6,84
7/5/2021,3,6,94
7/6/2021,3,6,72
7/7/2021,3,6,92
7/8/2021,3,6,108
7/9/2021,3,6,107
7/10/2021,3,6,95
7/11/2021,3,6,71
7/12/2021,3,6,76
7/13/2021,3,6,87
7/14/2021,3,6,99
7/15/2021,3,6,93
7/16/2021,3,6,100
7/17/2021,3,6,121
7/18/2021,3,6,64
7/19/2021,3,6,85
7/20/2021,3,6,89
7/21/2021,3,6,91
7/22/2021,3,6,102
7/23/2021,3,6,92
7/24/2021,3,6,115
7/25/2021,3,6,71
7/26/2021,3,6,95
7/27/2021,3,6,97
7/28/2021,3,6,101
7/29/2021,3,6,79
7/30/2021,3,6,123
7/31/2021,3,6,114
8/1/2021,3,6,68
8/2/2021,3,6,82
8/3/2021,3,6,71
8/4/2021,3,6,81
8/5/2021,3,6,95
8/6/2021,3,6,101
8/7/2021,3,6,94
8/8/2021,3,6,65
8/9/2021,3,6,73
8/10/2021,3,6,82
8/11/2021,3,6,94
8/12/2021,3,6,92
8/13/2021,3,6,94
8/14/2021,3,6,116
8/15/2021,3,6,64
8/16/2021,3,6,85
8/17/2021,3,6,76
8/18/2021,3,6,89
8/19/2021,3,6,71
8/20/2021,3,6,88
8/21/2021,3,6,87
8/22/2021,3,6,62
8/23/2021,3,6,79
8/24/2021,3,6,89
8/25/2021,3,6,85
8/26/2021,3,6,91
8/27/2021,3,6,88
8/28/2021,3,6,102
8/29/2021,3,6,66
8/30/2021,3,6,82
8/31/2021,3,6,84
9/1/2021,3,6,62
9/2/2021,3,6,85
9/3/2021,3,6,82
9/4/2021,3,6,99
9/5/2021,3,6,64
9/6/2021,3,6,84
9/7/2021,3,6,72
9/8/2021,3,6,74
9/9/2021,3,6,88
9/10/2021,3,6,92
9/11/2021,3,6,94
9/12/2021,3,6,68
9/13/2021,3,6,77
9/14/2021,3,6,72
9/15/2021,3,6,63
9/16/2021,3,6,90
9/17/2021,3,6,87
9/18/2021,3,6,88
9/19/2021,3,6,62
9/20/2021,3,6,79
9/21/2021,3,6,78
9/22/2021,3,6,78
9/23/2021,3,6,73
9/24/2021,3,6,84
9/25/2021,3,6,97
9/26/2021,3,6,54
9/27/2021,3,6,67
9/28/2021,3,6,51
9/29/2021,3,6,67
9/30/2021,3,6,89
10/1/2021,3,6,93
10/2/2021,3,6,92
10/3/2021,3,6,58
10/4/2021,3,6,59
10/5/2021,3,6,72
10/6/2021,3,6,70
10/7/2021,3,6,85
10/8/2021,3,6,88
10/9/2021,3,6,93
10/10/2021,3,6,52
10/11/2021,3,6,73
10/12/2021,3,6,65
10/13/2021,3,6,58
10/14/2021,3,6,74
10/15/2021,3,6,100
10/16/2021,3,6,105
10/17/2021,3,6,44
10/18/2021,3,6,65
10/19/2021,3,6,70
10/20/2021,3,6,82
10/21/2021,3,6,73
10/22/2021,3,6,65
10/23/2021,3,6,93
10/24/2021,3,6,54
10/25/2021,3,6,57
10/26/2021,3,6,70
10/27/2021,3,6,74
10/28/2021,3,6,78
10/29/2021,3,6,89
10/30/2021,3,6,85
10/31/2021,3,6,62
11/1/2021,3,6,68
11/2/2021,3,6,77
11/3/2021,3,6,84
11/4/2021,3,6,83
11/5/2021,3,6,102
11/6/2021,3,6,105
11/7/2021,3,6,53
11/8/2021,3,6,80
11/9/2021,3,6,61
11/10/2021,3,6,85
11/11/2021,3,6,70
11/12/2021,3,6,72
11/13/2021,3,6,89
11/14/2021,3,6,65
11/15/2021,3,6,64
11/16/2021,3,6,68
11/17/2021,3,6,76
11/18/2021,3,6,76
11/19/2021,3,6,103
11/20/2021,3,6,90
11/21/2021,3,6,59
11/22/2021,3,6,53
11/23/2021,3,6,76
11/24/2021,3,6,60
11/25/2021,3,6,75
11/26/2021,3,6,82
11/27/2021,3,6,93
11/28/2021,3,6,52
11/29/2021,3,6,71
11/30/2021,3,6,77
12/1/2021,3,6,37
12/2/2021,3,6,65
12/3/2021,3,6,54
12/4/2021,3,6,60
12/5/2021,3,6,37
12/6/2021,3,6,55
12/7/2021,3,6,64
12/8/2021,3,6,60
12/9/2021,3,6,56
12/10/2021,3,6,50
12/11/2021,3,6,69
12/12/2021,3,6,46
12/13/2021,3,6,62
12/14/2021,3,6,54
12/15/2021,3,6,56
12/16/2021,3,6,57
12/17/2021,3,6,55
12/18/2021,3,6,65
12/19/2021,3,6,36
12/20/2021,3,6,48
12/21/2021,3,6,41
12/22/2021,3,6,39
12/23/2021,3,6,55
12/24/2021,3,6,56
12/25/2021,3,6,42
12/26/2021,3,6,34
12/27/2021,3,6,37
12/28/2021,3,6,59
12/29/2021,3,6,57
12/30/2021,3,6,46
12/31/2021,3,6,55
1/1/2022,3,6,55
1/2/2022,3,6,43
1/3/2022,3,6,47
1/4/2022,3,6,59
1/5/2022,3,6,47
1/6/2022,3,6,52
1/7/2022,3,6,57
1/8/2022,3,6,57
1/9/2022,3,6,49
1/10/2022,3,6,39
1/11/2022,3,6,51
1/12/2022,3,6,70
1/13/2022,3,6,51
1/14/2022,3,6,44
1/15/2022,3,6,71
1/16/2022,3,6,29
1/17/2022,3,6,45
1/18/2022,3,6,54
1/19/2022,3,6,45
1/20/2022,3,6,61
1/21/2022,3,6,60
1/22/2022,3,6,56
1/23/2022,3,6,42
1/24/2022,3,6,53
1/25/2022,3,6,48
1/26/2022,3,6,49
1/27/2022,3,6,63
1/28/2022,3,6,56
1/29/2022,3,6,78
1/30/2022,3,6,44
1/31/2022,3,6,55
2/1/2022,3,6,67
2/2/2022,3,6,71
2/3/2022,3,6,69
2/4/2022,3,6,66
2/5/2022,3,6,64
2/6/2022,3,6,42
2/7/2022,3,6,50
2/8/2022,3,6,53
2/9/2022,3,6,49
2/10/2022,3,6,58
2/11/2022,3,6,72
2/12/2022,3,6,75
2/13/2022,3,6,45
2/14/2022,3,6,51
2/15/2022,3,6,44
2/16/2022,3,6,56
2/17/2022,3,6,60
2/18/2022,3,6,50
2/19/2022,3,6,67
2/20/2022,3,6,37
2/21/2022,3,6,56
2/22/2022,3,6,54
2/23/2022,3,6,49
2/24/2022,3,6,43
2/25/2022,3,6,74
2/26/2022,3,6,58
2/27/2022,3,6,41
2/28/2022,3,6,48
3/1/2022,3,6,58
3/2/2022,3,6,66
3/3/2022,3,6,68
3/4/2022,3,6,70
3/5/2022,3,6,77
3/6/2022,3,6,37
3/7/2022,3,6,59
3/8/2022,3,6,73
3/9/2022,3,6,69
3/10/2022,3,6,78
3/11/2022,3,6,68
3/12/2022,3,6,79
3/13/2022,3,6,61
3/14/2022,3,6,68
3/15/2022,3,6,52
3/16/2022,3,6,67
3/17/2022,3,6,65
3/18/2022,3,6,73
3/19/2022,3,6,95
3/20/2022,3,6,51
3/21/2022,3,6,68
3/22/2022,3,6,65
3/23/2022,3,6,59
3/24/2022,3,6,62
3/25/2022,3,6,76
3/26/2022,3,6,76
3/27/2022,3,6,49
3/28/2022,3,6,60
3/29/2022,3,6,52
3/30/2022,3,6,56
3/31/2022,3,6,64
4/1/2022,3,6,88
4/2/2022,3,6,94
4/3/2022,3,6,64
4/4/2022,3,6,60
4/5/2022,3,6,79
4/6/2022,3,6,59
4/7/2022,3,6,80
4/8/2022,3,6,106
4/9/2022,3,6,97
4/10/2022,3,6,53
4/11/2022,3,6,82
4/12/2022,3,6,77
4/13/2022,3,6,83
4/14/2022,3,6,80
4/15/2022,3,6,98
4/16/2022,3,6,93
4/17/2022,3,6,59
4/18/2022,3,6,61
4/19/2022,3,6,76
4/20/2022,3,6,74
4/21/2022,3,6,97
4/22/2022,3,6,104
4/23/2022,3,6,89
4/24/2022,3,6,63
4/25/2022,3,6,67
4/26/2022,3,6,64
4/27/2022,3,6,72
4/28/2022,3,6,83
4/29/2022,3,6,97
4/30/2022,3,6,102
5/1/2022,3,6,62
5/2/2022,3,6,80
5/3/2022,3,6,74
5/4/2022,3,6,75
5/5/2022,3,6,98
5/6/2022,3,6,84
5/7/2022,3,6,121
5/8/2022,3,6,56
5/9/2022,3,6,86
5/10/2022,3,6,66
5/11/2022,3,6,78
5/12/2022,3,6,74
5/13/2022,3,6,92
5/14/2022,3,6,105
5/15/2022,3,6,84
5/16/2022,3,6,75
5/17/2022,3,6,83
5/18/2022,3,6,87
5/19/2022,3,6,78
5/20/2022,3,6,96
5/21/2022,3,6,103
5/22/2022,3,6,59
5/23/2022,3,6,81
5/24/2022,3,6,75
5/25/2022,3,6,74
5/26/2022,3,6,88
5/27/2022,3,6,104
5/28/2022,3,6,107
5/29/2022,3,6,74
5/30/2022,3,6,72
5/31/2022,3,6,78
6/1/2022,3,6,93
6/2/2022,3,6,100
6/3/2022,3,6,91
6/4/2022,3,6,120
6/5/2022,3,6,69
6/6/2022,3,6,87
6/7/2022,3,6,99
6/8/2022,3,6,78
6/9/2022,3,6,102
6/10/2022,3,6,87
6/11/2022,3,6,108
6/12/2022,3,6,64
6/13/2022,3,6,87
6/14/2022,3,6,82
6/15/2022,3,6,74
6/16/2022,3,6,95
6/17/2022,3,6,125
6/18/2022,3,6,123
6/19/2022,3,6,60
6/20/2022,3,6,95
6/21/2022,3,6,94
6/22/2022,3,6,94
6/23/2022,3,6,112
6/24/2022,3,6,92
6/25/2022,3,6,105
6/26/2022,3,6,77
6/27/2022,3,6,76
6/28/2022,3,6,80
6/29/2022,3,6,103
6/30/2022,3,6,76
7/1/2022,3,6,96
7/2/2022,3,6,136
7/3/2022,3,6,67
7/4/2022,3,6,75
7/5/2022,3,6,110
7/6/2022,3,6,91
7/7/2022,3,6,95
7/8/2022,3,6,101
7/9/2022,3,6,112
7/10/2022,3,6,64
7/11/2022,3,6,98
7/12/2022,3,6,91
7/13/2022,3,6,105
7/14/2022,3,6,92
7/15/2022,3,6,115
7/16/2022,3,6,117
7/17/2022,3,6,74
7/18/2022,3,6,84
7/19/2022,3,6,99
7/20/2022,3,6,102
7/21/2022,3,6,117
7/22/2022,3,6,111
7/23/2022,3,6,107
7/24/2022,3,6,83
7/25/2022,3,6,94
7/26/2022,3,6,82
7/27/2022,3,6,115
7/28/2022,3,6,102
7/29/2022,3,6,118
7/30/2022,3,6,88
7/31/2022,3,6,81
8/1/2022,3,6,79
8/2/2022,3,6,73
8/3/2022,3,6,85
8/4/2022,3,6,97
8/5/2022,3,6,83
8/6/2022,3,6,94
8/7/2022,3,6,73
8/8/2022,3,6,57
8/9/2022,3,6,60
8/10/2022,3,6,91
8/11/2022,3,6,97
8/12/2022,3,6,87
8/13/2022,3,6,110
8/14/2022,3,6,75
8/15/2022,3,6,79
8/16/2022,3,6,79
8/17/2022,3,6,78
8/18/2022,3,6,90
8/19/2022,3,6,107
8/20/2022,3,6,104
8/21/2022,3,6,77
8/22/2022,3,6,81
8/23/2022,3,6,78
8/24/2022,3,6,94
8/25/2022,3,6,73
8/26/2022,3,6,96
8/27/2022,3,6,110
8/28/2022,3,6,67
8/29/2022,3,6,76
8/30/2022,3,6,95
8/31/2022,3,6,61
9/1/2022,3,6,88
9/2/2022,3,6,97
9/3/2022,3,6,78
9/4/2022,3,6,51
9/5/2022,3,6,73
9/6/2022,3,6,76
9/7/2022,3,6,77
9/8/2022,3,6,86
9/9/2022,3,6,98
9/10/2022,3,6,89
9/11/2022,3,6,55
9/12/2022,3,6,68
9/13/2022,3,6,69
9/14/2022,3,6,63
9/15/2022,3,6,92
9/16/2022,3,6,84
9/17/2022,3,6,80
9/18/2022,3,6,67
9/19/2022,3,6,66
9/20/2022,3,6,73
9/21/2022,3,6,73
9/22/2022,3,6,79
9/23/2022,3,6,94
9/24/2022,3,6,96
9/25/2022,3,6,71
9/26/2022,3,6,84
9/27/2022,3,6,76
9/28/2022,3,6,79
9/29/2022,3,6,97
9/30/2022,3,6,91
10/1/2022,3,6,98
10/2/2022,3,6,64
10/3/2022,3,6,73
10/4/2022,3,6,72
10/5/2022,3,6,54
10/6/2022,3,6,77
10/7/2022,3,6,94
10/8/2022,3,6,81
10/9/2022,3,6,72
10/10/2022,3,6,77
10/11/2022,3,6,70
10/12/2022,3,6,71
10/13/2022,3,6,80
10/14/2022,3,6,78
10/15/2022,3,6,86
10/16/2022,3,6,67
10/17/2022,3,6,70
10/18/2022,3,6,64
10/19/2022,3,6,68
10/20/2022,3,6,74
10/21/2022,3,6,90
10/22/2022,3,6,88
10/23/2022,3,6,54
10/24/2022,3,6,79
10/25/2022,3,6,58
10/26/2022,3,6,57
10/27/2022,3,6,65
10/28/2022,3,6,76
10/29/2022,3,6,75
10/30/2022,3,6,67
10/31/2022,3,6,64
11/1/2022,3,6,78
11/2/2022,3,6,63
11/3/2022,3,6,82
11/4/2022,3,6,90
11/5/2022,3,6,104
11/6/2022,3,6,73
11/7/2022,3,6,64
11/8/2022,3,6,59
11/9/2022,3,6,74
11/10/2022,3,6,77
11/11/2022,3,6,84
11/12/2022,3,6,86
11/13/2022,3,6,50
11/14/2022,3,6,74
11/15/2022,3,6,78
11/16/2022,3,6,72
11/17/2022,3,6,88
11/18/2022,3,6,90
11/19/2022,3,6,97
11/20/2022,3,6,62
11/21/2022,3,6,80
11/22/2022,3,6,79
11/23/2022,3,6,85
11/24/2022,3,6,90
11/25/2022,3,6,100
11/26/2022,3,6,85
11/27/2022,3,6,60
11/28/2022,3,6,69
11/29/2022,3,6,70
11/30/2022,3,6,79
12/1/2022,3,6,63
12/2/2022,3,6,65
12/3/2022,3,6,60
12/4/2022,3,6,39
12/5/2022,3,6,52
12/6/2022,3,6,45
12/7/2022,3,6,64
12/8/2022,3,6,61
12/9/2022,3,6,78
12/10/2022,3,6,65
12/11/2022,3,6,35
12/12/2022,3,6,55
12/13/2022,3,6,63
12/14/2022,3,6,54
12/15/2022,3,6,54
12/16/2022,3,6,58
12/17/2022,3,6,80
12/18/2022,3,6,39
12/19/2022,3,6,52
12/20/2022,3,6,50
12/21/2022,3,6,62
12/22/2022,3,6,70
12/23/2022,3,6,63
12/24/2022,3,6,66
12/25/2022,3,6,48
12/26/2022,3,6,50
12/27/2022,3,6,53
12/28/2022,3,6,55
12/29/2022,3,6,45
12/30/2022,3,6,64
12/31/2022,3,6,65
