date,warehouse,item,sales
1/1/2018,1,5,11
1/2/2018,1,5,6
1/3/2018,1,5,8
1/4/2018,1,5,9
1/5/2018,1,5,8
1/6/2018,1,5,13
1/7/2018,1,5,11
1/8/2018,1,5,10
1/9/2018,1,5,7
1/10/2018,1,5,8
1/11/2018,1,5,10
1/12/2018,1,5,8
1/13/2018,1,5,11
1/14/2018,1,5,5
1/15/2018,1,5,10
1/16/2018,1,5,6
1/17/2018,1,5,7
1/18/2018,1,5,10
1/19/2018,1,5,8
1/20/2018,1,5,9
1/21/2018,1,5,4
1/22/2018,1,5,9
1/23/2018,1,5,6
1/24/2018,1,5,12
1/25/2018,1,5,5
1/26/2018,1,5,7
1/27/2018,1,5,18
1/28/2018,1,5,9
1/29/2018,1,5,9
1/30/2018,1,5,9
1/31/2018,1,5,13
2/1/2018,1,5,8
2/2/2018,1,5,16
2/3/2018,1,5,11
2/4/2018,1,5,8
2/5/2018,1,5,15
2/6/2018,1,5,7
2/7/2018,1,5,10
2/8/2018,1,5,7
2/9/2018,1,5,8
2/10/2018,1,5,10
2/11/2018,1,5,13
2/12/2018,1,5,13
2/13/2018,1,5,8
2/14/2018,1,5,10
2/15/2018,1,5,11
2/16/2018,1,5,10
2/17/2018,1,5,11
2/18/2018,1,5,5
2/19/2018,1,5,10
2/20/2018,1,5,7
2/21/2018,1,5,11
2/22/2018,1,5,15
2/23/2018,1,5,13
2/24/2018,1,5,9
2/25/2018,1,5,3
2/26/2018,1,5,6
2/27/2018,1,5,9
2/28/2018,1,5,12
3/1/2018,1,5,11
3/2/2018,1,5,16
3/3/2018,1,5,11
3/4/2018,1,5,6
3/5/2018,1,5,10
3/6/2018,1,5,9
3/7/2018,1,5,15
3/8/2018,1,5,9
3/9/2018,1,5,7
3/10/2018,1,5,18
3/11/2018,1,5,9
3/12/2018,1,5,11
3/13/2018,1,5,15
3/14/2018,1,5,9
3/15/2018,1,5,13
3/16/2018,1,5,15
3/17/2018,1,5,19
3/18/2018,1,5,7
3/19/2018,1,5,12
3/20/2018,1,5,12
3/21/2018,1,5,16
3/22/2018,1,5,7
3/23/2018,1,5,13
3/24/2018,1,5,14
3/25/2018,1,5,10
3/26/2018,1,5,11
3/27/2018,1,5,16
3/28/2018,1,5,11
3/29/2018,1,5,15
3/30/2018,1,5,16
3/31/2018,1,5,15
4/1/2018,1,5,14
4/2/2018,1,5,13
4/3/2018,1,5,8
4/4/2018,1,5,22
4/5/2018,1,5,13
4/6/2018,1,5,18
4/7/2018,1,5,11
4/8/2018,1,5,15
4/9/2018,1,5,7
4/10/2018,1,5,8
4/11/2018,1,5,16
4/12/2018,1,5,15
4/13/2018,1,5,18
4/14/2018,1,5,18
4/15/2018,1,5,11
4/16/2018,1,5,10
4/17/2018,1,5,14
4/18/2018,1,5,17
4/19/2018,1,5,17
4/20/2018,1,5,13
4/21/2018,1,5,20
4/22/2018,1,5,11
4/23/2018,1,5,11
4/24/2018,1,5,16
4/25/2018,1,5,13
4/26/2018,1,5,15
4/27/2018,1,5,15
4/28/2018,1,5,14
4/29/2018,1,5,14
4/30/2018,1,5,10
5/1/2018,1,5,15
5/2/2018,1,5,11
5/3/2018,1,5,18
5/4/2018,1,5,15
5/5/2018,1,5,19
5/6/2018,1,5,12
5/7/2018,1,5,17
5/8/2018,1,5,16
5/9/2018,1,5,20
5/10/2018,1,5,10
5/11/2018,1,5,21
5/12/2018,1,5,15
5/13/2018,1,5,5
5/14/2018,1,5,12
5/15/2018,1,5,23
5/16/2018,1,5,19
5/17/2018,1,5,18
5/18/2018,1,5,18
5/19/2018,1,5,21
5/20/2018,1,5,12
5/21/2018,1,5,10
5/22/2018,1,5,22
5/23/2018,1,5,24
5/24/2018,1,5,20
5/25/2018,1,5,21
5/26/2018,1,5,14
5/27/2018,1,5,14
5/28/2018,1,5,15
5/29/2018,1,5,13
5/30/2018,1,5,14
5/31/2018,1,5,13
6/1/2018,1,5,18
6/2/2018,1,5,18
6/3/2018,1,5,17
6/4/2018,1,5,12
6/5/2018,1,5,10
6/6/2018,1,5,20
6/7/2018,1,5,14
6/8/2018,1,5,22
6/9/2018,1,5,19
6/10/2018,1,5,16
6/11/2018,1,5,14
6/12/2018,1,5,14
6/13/2018,1,5,8
6/14/2018,1,5,18
6/15/2018,1,5,19
6/16/2018,1,5,19
6/17/2018,1,5,11
6/18/2018,1,5,14
6/19/2018,1,5,15
6/20/2018,1,5,16
6/21/2018,1,5,16
6/22/2018,1,5,13
6/23/2018,1,5,17
6/24/2018,1,5,13
6/25/2018,1,5,17
6/26/2018,1,5,15
6/27/2018,1,5,24
6/28/2018,1,5,19
6/29/2018,1,5,19
6/30/2018,1,5,30
7/1/2018,1,5,13
7/2/2018,1,5,9
7/3/2018,1,5,16
7/4/2018,1,5,19
7/5/2018,1,5,16
7/6/2018,1,5,17
7/7/2018,1,5,14
7/8/2018,1,5,16
7/9/2018,1,5,17
7/10/2018,1,5,18
7/11/2018,1,5,19
7/12/2018,1,5,16
7/13/2018,1,5,17
7/14/2018,1,5,15
7/15/2018,1,5,12
7/16/2018,1,5,17
7/17/2018,1,5,11
7/18/2018,1,5,26
7/19/2018,1,5,17
7/20/2018,1,5,20
7/21/2018,1,5,19
7/22/2018,1,5,17
7/23/2018,1,5,17
7/24/2018,1,5,22
7/25/2018,1,5,20
7/26/2018,1,5,18
7/27/2018,1,5,19
7/28/2018,1,5,18
7/29/2018,1,5,14
7/30/2018,1,5,17
7/31/2018,1,5,13
8/1/2018,1,5,9
8/2/2018,1,5,17
8/3/2018,1,5,17
8/4/2018,1,5,15
8/5/2018,1,5,6
8/6/2018,1,5,16
8/7/2018,1,5,12
8/8/2018,1,5,12
8/9/2018,1,5,12
8/10/2018,1,5,17
8/11/2018,1,5,17
8/12/2018,1,5,8
8/13/2018,1,5,16
8/14/2018,1,5,22
8/15/2018,1,5,23
8/16/2018,1,5,29
8/17/2018,1,5,16
8/18/2018,1,5,22
8/19/2018,1,5,16
8/20/2018,1,5,16
8/21/2018,1,5,13
8/22/2018,1,5,17
8/23/2018,1,5,24
8/24/2018,1,5,13
8/25/2018,1,5,25
8/26/2018,1,5,17
8/27/2018,1,5,11
8/28/2018,1,5,10
8/29/2018,1,5,13
8/30/2018,1,5,20
8/31/2018,1,5,27
9/1/2018,1,5,14
9/2/2018,1,5,13
9/3/2018,1,5,18
9/4/2018,1,5,6
9/5/2018,1,5,15
9/6/2018,1,5,8
9/7/2018,1,5,12
9/8/2018,1,5,14
9/9/2018,1,5,14
9/10/2018,1,5,17
9/11/2018,1,5,12
9/12/2018,1,5,19
9/13/2018,1,5,11
9/14/2018,1,5,20
9/15/2018,1,5,15
9/16/2018,1,5,12
9/17/2018,1,5,14
9/18/2018,1,5,10
9/19/2018,1,5,11
9/20/2018,1,5,15
9/21/2018,1,5,16
9/22/2018,1,5,18
9/23/2018,1,5,19
9/24/2018,1,5,19
9/25/2018,1,5,16
9/26/2018,1,5,7
9/27/2018,1,5,17
9/28/2018,1,5,12
9/29/2018,1,5,21
9/30/2018,1,5,15
10/1/2018,1,5,11
10/2/2018,1,5,16
10/3/2018,1,5,19
10/4/2018,1,5,23
10/5/2018,1,5,17
10/6/2018,1,5,19
10/7/2018,1,5,8
10/8/2018,1,5,12
10/9/2018,1,5,8
10/10/2018,1,5,8
10/11/2018,1,5,11
10/12/2018,1,5,13
10/13/2018,1,5,15
10/14/2018,1,5,16
10/15/2018,1,5,17
10/16/2018,1,5,11
10/17/2018,1,5,13
10/18/2018,1,5,10
10/19/2018,1,5,16
10/20/2018,1,5,19
10/21/2018,1,5,7
10/22/2018,1,5,14
10/23/2018,1,5,15
10/24/2018,1,5,23
10/25/2018,1,5,10
10/26/2018,1,5,13
10/27/2018,1,5,11
10/28/2018,1,5,11
10/29/2018,1,5,13
10/30/2018,1,5,13
10/31/2018,1,5,14
11/1/2018,1,5,18
11/2/2018,1,5,11
11/3/2018,1,5,18
11/4/2018,1,5,3
11/5/2018,1,5,21
11/6/2018,1,5,15
11/7/2018,1,5,13
11/8/2018,1,5,12
11/9/2018,1,5,11
11/10/2018,1,5,14
11/11/2018,1,5,11
11/12/2018,1,5,16
11/13/2018,1,5,10
11/14/2018,1,5,11
11/15/2018,1,5,16
11/16/2018,1,5,15
11/17/2018,1,5,14
11/18/2018,1,5,6
11/19/2018,1,5,16
11/20/2018,1,5,22
11/21/2018,1,5,12
11/22/2018,1,5,13
11/23/2018,1,5,19
11/24/2018,1,5,15
11/25/2018,1,5,16
11/26/2018,1,5,19
11/27/2018,1,5,10
11/28/2018,1,5,12
11/29/2018,1,5,19
11/30/2018,1,5,14
12/1/2018,1,5,10
12/2/2018,1,5,13
12/3/2018,1,5,8
12/4/2018,1,5,16
12/5/2018,1,5,9
12/6/2018,1,5,12
12/7/2018,1,5,12
12/8/2018,1,5,15
12/9/2018,1,5,7
12/10/2018,1,5,6
12/11/2018,1,5,13
12/12/2018,1,5,15
12/13/2018,1,5,15
12/14/2018,1,5,15
12/15/2018,1,5,15
12/16/2018,1,5,7
12/17/2018,1,5,10
12/18/2018,1,5,9
12/19/2018,1,5,13
12/20/2018,1,5,10
12/21/2018,1,5,18
12/22/2018,1,5,17
12/23/2018,1,5,12
12/24/2018,1,5,12
12/25/2018,1,5,5
12/26/2018,1,5,12
12/27/2018,1,5,11
12/28/2018,1,5,10
12/29/2018,1,5,14
12/30/2018,1,5,9
12/31/2018,1,5,6
1/1/2019,1,5,6
1/2/2019,1,5,6
1/3/2019,1,5,9
1/4/2019,1,5,11
1/5/2019,1,5,13
1/6/2019,1,5,7
1/7/2019,1,5,12
1/8/2019,1,5,11
1/9/2019,1,5,10
1/10/2019,1,5,8
1/11/2019,1,5,12
1/12/2019,1,5,10
1/13/2019,1,5,10
1/14/2019,1,5,10
1/15/2019,1,5,8
1/16/2019,1,5,10
1/17/2019,1,5,7
1/18/2019,1,5,12
1/19/2019,1,5,9
1/20/2019,1,5,9
1/21/2019,1,5,10
1/22/2019,1,5,11
1/23/2019,1,5,13
1/24/2019,1,5,14
1/25/2019,1,5,8
1/26/2019,1,5,24
1/27/2019,1,5,13
1/28/2019,1,5,8
1/29/2019,1,5,16
1/30/2019,1,5,8
1/31/2019,1,5,15
2/1/2019,1,5,9
2/2/2019,1,5,13
2/3/2019,1,5,12
2/4/2019,1,5,10
2/5/2019,1,5,10
2/6/2019,1,5,5
2/7/2019,1,5,17
2/8/2019,1,5,7
2/9/2019,1,5,11
2/10/2019,1,5,10
2/11/2019,1,5,10
2/12/2019,1,5,11
2/13/2019,1,5,10
2/14/2019,1,5,10
2/15/2019,1,5,13
2/16/2019,1,5,15
2/17/2019,1,5,10
2/18/2019,1,5,6
2/19/2019,1,5,7
2/20/2019,1,5,11
2/21/2019,1,5,14
2/22/2019,1,5,14
2/23/2019,1,5,19
2/24/2019,1,5,11
2/25/2019,1,5,12
2/26/2019,1,5,10
2/27/2019,1,5,14
2/28/2019,1,5,13
3/1/2019,1,5,16
3/2/2019,1,5,16
3/3/2019,1,5,13
3/4/2019,1,5,10
3/5/2019,1,5,14
3/6/2019,1,5,17
3/7/2019,1,5,19
3/8/2019,1,5,7
3/9/2019,1,5,13
3/10/2019,1,5,10
3/11/2019,1,5,9
3/12/2019,1,5,18
3/13/2019,1,5,20
3/14/2019,1,5,19
3/15/2019,1,5,17
3/16/2019,1,5,18
3/17/2019,1,5,19
3/18/2019,1,5,14
3/19/2019,1,5,19
3/20/2019,1,5,13
3/21/2019,1,5,12
3/22/2019,1,5,16
3/23/2019,1,5,15
3/24/2019,1,5,14
3/25/2019,1,5,12
3/26/2019,1,5,15
3/27/2019,1,5,23
3/28/2019,1,5,13
3/29/2019,1,5,20
3/30/2019,1,5,20
3/31/2019,1,5,11
4/1/2019,1,5,18
4/2/2019,1,5,19
4/3/2019,1,5,19
4/4/2019,1,5,18
4/5/2019,1,5,13
4/6/2019,1,5,23
4/7/2019,1,5,9
4/8/2019,1,5,22
4/9/2019,1,5,20
4/10/2019,1,5,15
4/11/2019,1,5,25
4/12/2019,1,5,20
4/13/2019,1,5,19
4/14/2019,1,5,12
4/15/2019,1,5,17
4/16/2019,1,5,15
4/17/2019,1,5,18
4/18/2019,1,5,21
4/19/2019,1,5,19
4/20/2019,1,5,14
4/21/2019,1,5,13
4/22/2019,1,5,15
4/23/2019,1,5,12
4/24/2019,1,5,19
4/25/2019,1,5,17
4/26/2019,1,5,24
4/27/2019,1,5,22
4/28/2019,1,5,12
4/29/2019,1,5,15
4/30/2019,1,5,11
5/1/2019,1,5,10
5/2/2019,1,5,20
5/3/2019,1,5,17
5/4/2019,1,5,23
5/5/2019,1,5,10
5/6/2019,1,5,16
5/7/2019,1,5,19
5/8/2019,1,5,22
5/9/2019,1,5,22
5/10/2019,1,5,25
5/11/2019,1,5,26
5/12/2019,1,5,13
5/13/2019,1,5,11
5/14/2019,1,5,23
5/15/2019,1,5,22
5/16/2019,1,5,22
5/17/2019,1,5,24
5/18/2019,1,5,21
5/19/2019,1,5,13
5/20/2019,1,5,16
5/21/2019,1,5,18
5/22/2019,1,5,25
5/23/2019,1,5,26
5/24/2019,1,5,22
5/25/2019,1,5,24
5/26/2019,1,5,13
5/27/2019,1,5,9
5/28/2019,1,5,20
5/29/2019,1,5,23
5/30/2019,1,5,25
5/31/2019,1,5,18
6/1/2019,1,5,22
6/2/2019,1,5,16
6/3/2019,1,5,16
6/4/2019,1,5,14
6/5/2019,1,5,21
6/6/2019,1,5,23
6/7/2019,1,5,15
6/8/2019,1,5,20
6/9/2019,1,5,15
6/10/2019,1,5,21
6/11/2019,1,5,17
6/12/2019,1,5,24
6/13/2019,1,5,21
6/14/2019,1,5,18
6/15/2019,1,5,20
6/16/2019,1,5,12
6/17/2019,1,5,16
6/18/2019,1,5,19
6/19/2019,1,5,25
6/20/2019,1,5,17
6/21/2019,1,5,21
6/22/2019,1,5,23
6/23/2019,1,5,15
6/24/2019,1,5,17
6/25/2019,1,5,20
6/26/2019,1,5,24
6/27/2019,1,5,17
6/28/2019,1,5,24
6/29/2019,1,5,23
6/30/2019,1,5,9
7/1/2019,1,5,15
7/2/2019,1,5,20
7/3/2019,1,5,20
7/4/2019,1,5,28
7/5/2019,1,5,21
7/6/2019,1,5,24
7/7/2019,1,5,16
7/8/2019,1,5,24
7/9/2019,1,5,26
7/10/2019,1,5,23
7/11/2019,1,5,17
7/12/2019,1,5,28
7/13/2019,1,5,18
7/14/2019,1,5,9
7/15/2019,1,5,17
7/16/2019,1,5,27
7/17/2019,1,5,20
7/18/2019,1,5,24
7/19/2019,1,5,18
7/20/2019,1,5,28
7/21/2019,1,5,15
7/22/2019,1,5,17
7/23/2019,1,5,20
7/24/2019,1,5,21
7/25/2019,1,5,22
7/26/2019,1,5,18
7/27/2019,1,5,26
7/28/2019,1,5,6
7/29/2019,1,5,27
7/30/2019,1,5,13
7/31/2019,1,5,26
8/1/2019,1,5,24
8/2/2019,1,5,15
8/3/2019,1,5,19
8/4/2019,1,5,13
8/5/2019,1,5,17
8/6/2019,1,5,17
8/7/2019,1,5,21
8/8/2019,1,5,22
8/9/2019,1,5,17
8/10/2019,1,5,19
8/11/2019,1,5,16
8/12/2019,1,5,19
8/13/2019,1,5,17
8/14/2019,1,5,17
8/15/2019,1,5,32
8/16/2019,1,5,23
8/17/2019,1,5,17
8/18/2019,1,5,12
8/19/2019,1,5,24
8/20/2019,1,5,13
8/21/2019,1,5,12
8/22/2019,1,5,19
8/23/2019,1,5,13
8/24/2019,1,5,17
8/25/2019,1,5,22
8/26/2019,1,5,17
8/27/2019,1,5,5
8/28/2019,1,5,24
8/29/2019,1,5,29
8/30/2019,1,5,27
8/31/2019,1,5,30
9/1/2019,1,5,8
9/2/2019,1,5,12
9/3/2019,1,5,22
9/4/2019,1,5,18
9/5/2019,1,5,21
9/6/2019,1,5,18
9/7/2019,1,5,14
9/8/2019,1,5,14
9/9/2019,1,5,13
9/10/2019,1,5,9
9/11/2019,1,5,16
9/12/2019,1,5,24
9/13/2019,1,5,19
9/14/2019,1,5,10
9/15/2019,1,5,14
9/16/2019,1,5,12
9/17/2019,1,5,19
9/18/2019,1,5,13
9/19/2019,1,5,17
9/20/2019,1,5,18
9/21/2019,1,5,21
9/22/2019,1,5,15
9/23/2019,1,5,11
9/24/2019,1,5,13
9/25/2019,1,5,23
9/26/2019,1,5,12
9/27/2019,1,5,12
9/28/2019,1,5,24
9/29/2019,1,5,16
9/30/2019,1,5,15
10/1/2019,1,5,14
10/2/2019,1,5,14
10/3/2019,1,5,18
10/4/2019,1,5,16
10/5/2019,1,5,22
10/6/2019,1,5,15
10/7/2019,1,5,16
10/8/2019,1,5,11
10/9/2019,1,5,19
10/10/2019,1,5,11
10/11/2019,1,5,17
10/12/2019,1,5,18
10/13/2019,1,5,12
10/14/2019,1,5,14
10/15/2019,1,5,14
10/16/2019,1,5,19
10/17/2019,1,5,10
10/18/2019,1,5,14
10/19/2019,1,5,20
10/20/2019,1,5,18
10/21/2019,1,5,18
10/22/2019,1,5,11
10/23/2019,1,5,8
10/24/2019,1,5,17
10/25/2019,1,5,20
10/26/2019,1,5,13
10/27/2019,1,5,7
10/28/2019,1,5,14
10/29/2019,1,5,23
10/30/2019,1,5,13
10/31/2019,1,5,9
11/1/2019,1,5,14
11/2/2019,1,5,21
11/3/2019,1,5,18
11/4/2019,1,5,11
11/5/2019,1,5,14
11/6/2019,1,5,17
11/7/2019,1,5,17
11/8/2019,1,5,16
11/9/2019,1,5,25
11/10/2019,1,5,9
11/11/2019,1,5,7
11/12/2019,1,5,24
11/13/2019,1,5,20
11/14/2019,1,5,24
11/15/2019,1,5,17
11/16/2019,1,5,25
11/17/2019,1,5,11
11/18/2019,1,5,16
11/19/2019,1,5,16
11/20/2019,1,5,13
11/21/2019,1,5,17
11/22/2019,1,5,14
11/23/2019,1,5,14
11/24/2019,1,5,15
11/25/2019,1,5,14
11/26/2019,1,5,15
11/27/2019,1,5,21
11/28/2019,1,5,18
11/29/2019,1,5,21
11/30/2019,1,5,17
12/1/2019,1,5,9
12/2/2019,1,5,18
12/3/2019,1,5,7
12/4/2019,1,5,20
12/5/2019,1,5,10
12/6/2019,1,5,9
12/7/2019,1,5,22
12/8/2019,1,5,6
12/9/2019,1,5,12
12/10/2019,1,5,9
12/11/2019,1,5,11
12/12/2019,1,5,7
12/13/2019,1,5,14
12/14/2019,1,5,10
12/15/2019,1,5,4
12/16/2019,1,5,8
12/17/2019,1,5,14
12/18/2019,1,5,7
12/19/2019,1,5,11
12/20/2019,1,5,14
12/21/2019,1,5,12
12/22/2019,1,5,9
12/23/2019,1,5,12
12/24/2019,1,5,13
12/25/2019,1,5,13
12/26/2019,1,5,9
12/27/2019,1,5,16
12/28/2019,1,5,15
12/29/2019,1,5,6
12/30/2019,1,5,6
12/31/2019,1,5,10
1/1/2020,1,5,14
1/2/2020,1,5,10
1/3/2020,1,5,9
1/4/2020,1,5,15
1/5/2020,1,5,12
1/6/2020,1,5,14
1/7/2020,1,5,10
1/8/2020,1,5,17
1/9/2020,1,5,9
1/10/2020,1,5,6
1/11/2020,1,5,19
1/12/2020,1,5,7
1/13/2020,1,5,10
1/14/2020,1,5,12
1/15/2020,1,5,8
1/16/2020,1,5,10
1/17/2020,1,5,12
1/18/2020,1,5,12
1/19/2020,1,5,9
1/20/2020,1,5,10
1/21/2020,1,5,9
1/22/2020,1,5,16
1/23/2020,1,5,13
1/24/2020,1,5,13
1/25/2020,1,5,9
1/26/2020,1,5,7
1/27/2020,1,5,16
1/28/2020,1,5,15
1/29/2020,1,5,13
1/30/2020,1,5,12
1/31/2020,1,5,19
2/1/2020,1,5,13
2/2/2020,1,5,13
2/3/2020,1,5,9
2/4/2020,1,5,8
2/5/2020,1,5,7
2/6/2020,1,5,16
2/7/2020,1,5,17
2/8/2020,1,5,8
2/9/2020,1,5,7
2/10/2020,1,5,17
2/11/2020,1,5,10
2/12/2020,1,5,10
2/13/2020,1,5,17
2/14/2020,1,5,9
2/15/2020,1,5,13
2/16/2020,1,5,13
2/17/2020,1,5,12
2/18/2020,1,5,12
2/19/2020,1,5,19
2/20/2020,1,5,12
2/21/2020,1,5,4
2/22/2020,1,5,19
2/23/2020,1,5,9
2/24/2020,1,5,13
2/25/2020,1,5,4
2/26/2020,1,5,14
2/27/2020,1,5,11
2/28/2020,1,5,19
3/1/2020,1,5,21
3/2/2020,1,5,17
3/3/2020,1,5,21
3/4/2020,1,5,11
3/5/2020,1,5,11
3/6/2020,1,5,10
3/7/2020,1,5,21
3/8/2020,1,5,13
3/9/2020,1,5,10
3/10/2020,1,5,17
3/11/2020,1,5,10
3/12/2020,1,5,17
3/13/2020,1,5,16
3/14/2020,1,5,16
3/15/2020,1,5,12
3/16/2020,1,5,19
3/17/2020,1,5,17
3/18/2020,1,5,16
3/19/2020,1,5,13
3/20/2020,1,5,14
3/21/2020,1,5,20
3/22/2020,1,5,20
3/23/2020,1,5,14
3/24/2020,1,5,13
3/25/2020,1,5,19
3/26/2020,1,5,14
3/27/2020,1,5,15
3/28/2020,1,5,11
3/29/2020,1,5,20
3/30/2020,1,5,10
3/31/2020,1,5,12
4/1/2020,1,5,20
4/2/2020,1,5,9
4/3/2020,1,5,29
4/4/2020,1,5,13
4/5/2020,1,5,25
4/6/2020,1,5,24
4/7/2020,1,5,11
4/8/2020,1,5,15
4/9/2020,1,5,20
4/10/2020,1,5,18
4/11/2020,1,5,22
4/12/2020,1,5,19
4/13/2020,1,5,9
4/14/2020,1,5,22
4/15/2020,1,5,12
4/16/2020,1,5,8
4/17/2020,1,5,13
4/18/2020,1,5,18
4/19/2020,1,5,22
4/20/2020,1,5,12
4/21/2020,1,5,17
4/22/2020,1,5,13
4/23/2020,1,5,18
4/24/2020,1,5,17
4/25/2020,1,5,24
4/26/2020,1,5,18
4/27/2020,1,5,8
4/28/2020,1,5,14
4/29/2020,1,5,10
4/30/2020,1,5,15
5/1/2020,1,5,17
5/2/2020,1,5,23
5/3/2020,1,5,26
5/4/2020,1,5,16
5/5/2020,1,5,19
5/6/2020,1,5,16
5/7/2020,1,5,26
5/8/2020,1,5,18
5/9/2020,1,5,22
5/10/2020,1,5,12
5/11/2020,1,5,16
5/12/2020,1,5,26
5/13/2020,1,5,7
5/14/2020,1,5,16
5/15/2020,1,5,18
5/16/2020,1,5,26
5/17/2020,1,5,22
5/18/2020,1,5,10
5/19/2020,1,5,18
5/20/2020,1,5,13
5/21/2020,1,5,22
5/22/2020,1,5,14
5/23/2020,1,5,22
5/24/2020,1,5,21
5/25/2020,1,5,16
5/26/2020,1,5,20
5/27/2020,1,5,14
5/28/2020,1,5,12
5/29/2020,1,5,19
5/30/2020,1,5,15
5/31/2020,1,5,17
6/1/2020,1,5,16
6/2/2020,1,5,21
6/3/2020,1,5,20
6/4/2020,1,5,20
6/5/2020,1,5,20
6/6/2020,1,5,26
6/7/2020,1,5,28
6/8/2020,1,5,23
6/9/2020,1,5,18
6/10/2020,1,5,26
6/11/2020,1,5,17
6/12/2020,1,5,24
6/13/2020,1,5,29
6/14/2020,1,5,17
6/15/2020,1,5,17
6/16/2020,1,5,17
6/17/2020,1,5,14
6/18/2020,1,5,23
6/19/2020,1,5,21
6/20/2020,1,5,17
6/21/2020,1,5,18
6/22/2020,1,5,19
6/23/2020,1,5,14
6/24/2020,1,5,31
6/25/2020,1,5,17
6/26/2020,1,5,18
6/27/2020,1,5,30
6/28/2020,1,5,27
6/29/2020,1,5,12
6/30/2020,1,5,14
7/1/2020,1,5,14
7/2/2020,1,5,24
7/3/2020,1,5,23
7/4/2020,1,5,22
7/5/2020,1,5,21
7/6/2020,1,5,13
7/7/2020,1,5,18
7/8/2020,1,5,17
7/9/2020,1,5,18
7/10/2020,1,5,24
7/11/2020,1,5,18
7/12/2020,1,5,28
7/13/2020,1,5,22
7/14/2020,1,5,15
7/15/2020,1,5,19
7/16/2020,1,5,20
7/17/2020,1,5,20
7/18/2020,1,5,20
7/19/2020,1,5,27
7/20/2020,1,5,8
7/21/2020,1,5,20
7/22/2020,1,5,31
7/23/2020,1,5,19
7/24/2020,1,5,24
7/25/2020,1,5,24
7/26/2020,1,5,27
7/27/2020,1,5,20
7/28/2020,1,5,10
7/29/2020,1,5,22
7/30/2020,1,5,20
7/31/2020,1,5,24
8/1/2020,1,5,23
8/2/2020,1,5,13
8/3/2020,1,5,16
8/4/2020,1,5,21
8/5/2020,1,5,19
8/6/2020,1,5,19
8/7/2020,1,5,30
8/8/2020,1,5,22
8/9/2020,1,5,24
8/10/2020,1,5,10
8/11/2020,1,5,15
8/12/2020,1,5,22
8/13/2020,1,5,19
8/14/2020,1,5,19
8/15/2020,1,5,24
8/16/2020,1,5,26
8/17/2020,1,5,10
8/18/2020,1,5,22
8/19/2020,1,5,19
8/20/2020,1,5,20
8/21/2020,1,5,23
8/22/2020,1,5,18
8/23/2020,1,5,24
8/24/2020,1,5,17
8/25/2020,1,5,20
8/26/2020,1,5,21
8/27/2020,1,5,23
8/28/2020,1,5,20
8/29/2020,1,5,17
8/30/2020,1,5,26
8/31/2020,1,5,14
9/1/2020,1,5,23
9/2/2020,1,5,15
9/3/2020,1,5,16
9/4/2020,1,5,18
9/5/2020,1,5,22
9/6/2020,1,5,14
9/7/2020,1,5,18
9/8/2020,1,5,11
9/9/2020,1,5,14
9/10/2020,1,5,23
9/11/2020,1,5,17
9/12/2020,1,5,22
9/13/2020,1,5,18
9/14/2020,1,5,18
9/15/2020,1,5,13
9/16/2020,1,5,16
9/17/2020,1,5,14
9/18/2020,1,5,14
9/19/2020,1,5,11
9/20/2020,1,5,22
9/21/2020,1,5,12
9/22/2020,1,5,13
9/23/2020,1,5,15
9/24/2020,1,5,14
9/25/2020,1,5,20
9/26/2020,1,5,24
9/27/2020,1,5,26
9/28/2020,1,5,17
9/29/2020,1,5,15
9/30/2020,1,5,16
10/1/2020,1,5,12
10/2/2020,1,5,10
10/3/2020,1,5,16
10/4/2020,1,5,11
10/5/2020,1,5,17
10/6/2020,1,5,17
10/7/2020,1,5,13
10/8/2020,1,5,21
10/9/2020,1,5,17
10/10/2020,1,5,22
10/11/2020,1,5,19
10/12/2020,1,5,9
10/13/2020,1,5,6
10/14/2020,1,5,12
10/15/2020,1,5,15
10/16/2020,1,5,12
10/17/2020,1,5,17
10/18/2020,1,5,26
10/19/2020,1,5,14
10/20/2020,1,5,14
10/21/2020,1,5,14
10/22/2020,1,5,20
10/23/2020,1,5,17
10/24/2020,1,5,20
10/25/2020,1,5,23
10/26/2020,1,5,7
10/27/2020,1,5,15
10/28/2020,1,5,20
10/29/2020,1,5,15
10/30/2020,1,5,18
10/31/2020,1,5,17
11/1/2020,1,5,13
11/2/2020,1,5,13
11/3/2020,1,5,21
11/4/2020,1,5,15
11/5/2020,1,5,16
11/6/2020,1,5,16
11/7/2020,1,5,19
11/8/2020,1,5,26
11/9/2020,1,5,3
11/10/2020,1,5,14
11/11/2020,1,5,13
11/12/2020,1,5,19
11/13/2020,1,5,11
11/14/2020,1,5,12
11/15/2020,1,5,17
11/16/2020,1,5,14
11/17/2020,1,5,15
11/18/2020,1,5,11
11/19/2020,1,5,18
11/20/2020,1,5,23
11/21/2020,1,5,22
11/22/2020,1,5,19
11/23/2020,1,5,11
11/24/2020,1,5,16
11/25/2020,1,5,17
11/26/2020,1,5,24
11/27/2020,1,5,28
11/28/2020,1,5,19
11/29/2020,1,5,30
11/30/2020,1,5,14
12/1/2020,1,5,14
12/2/2020,1,5,7
12/3/2020,1,5,9
12/4/2020,1,5,17
12/5/2020,1,5,20
12/6/2020,1,5,14
12/7/2020,1,5,10
12/8/2020,1,5,7
12/9/2020,1,5,14
12/10/2020,1,5,18
12/11/2020,1,5,12
12/12/2020,1,5,8
12/13/2020,1,5,12
12/14/2020,1,5,9
12/15/2020,1,5,12
12/16/2020,1,5,10
12/17/2020,1,5,11
12/18/2020,1,5,12
12/19/2020,1,5,15
12/20/2020,1,5,16
12/21/2020,1,5,11
12/22/2020,1,5,15
12/23/2020,1,5,17
12/24/2020,1,5,12
12/25/2020,1,5,9
12/26/2020,1,5,19
12/27/2020,1,5,10
12/28/2020,1,5,10
12/29/2020,1,5,5
12/30/2020,1,5,15
12/31/2020,1,5,10
1/1/2021,1,5,14
1/2/2021,1,5,12
1/3/2021,1,5,14
1/4/2021,1,5,5
1/5/2021,1,5,13
1/6/2021,1,5,8
1/7/2021,1,5,16
1/8/2021,1,5,16
1/9/2021,1,5,13
1/10/2021,1,5,22
1/11/2021,1,5,3
1/12/2021,1,5,9
1/13/2021,1,5,9
1/14/2021,1,5,12
1/15/2021,1,5,13
1/16/2021,1,5,18
1/17/2021,1,5,19
1/18/2021,1,5,8
1/19/2021,1,5,13
1/20/2021,1,5,18
1/21/2021,1,5,15
1/22/2021,1,5,13
1/23/2021,1,5,16
1/24/2021,1,5,14
1/25/2021,1,5,11
1/26/2021,1,5,18
1/27/2021,1,5,15
1/28/2021,1,5,13
1/29/2021,1,5,13
1/30/2021,1,5,16
1/31/2021,1,5,14
2/1/2021,1,5,16
2/2/2021,1,5,17
2/3/2021,1,5,12
2/4/2021,1,5,14
2/5/2021,1,5,16
2/6/2021,1,5,19
2/7/2021,1,5,14
2/8/2021,1,5,6
2/9/2021,1,5,18
2/10/2021,1,5,15
2/11/2021,1,5,18
2/12/2021,1,5,12
2/13/2021,1,5,15
2/14/2021,1,5,12
2/15/2021,1,5,11
2/16/2021,1,5,13
2/17/2021,1,5,15
2/18/2021,1,5,17
2/19/2021,1,5,13
2/20/2021,1,5,21
2/21/2021,1,5,18
2/22/2021,1,5,9
2/23/2021,1,5,14
2/24/2021,1,5,11
2/25/2021,1,5,10
2/26/2021,1,5,13
2/27/2021,1,5,16
2/28/2021,1,5,20
2/29/2021,1,5,12
3/1/2021,1,5,19
3/2/2021,1,5,19
3/3/2021,1,5,19
3/4/2021,1,5,13
3/5/2021,1,5,22
3/6/2021,1,5,22
3/7/2021,1,5,13
3/8/2021,1,5,13
3/9/2021,1,5,20
3/10/2021,1,5,17
3/11/2021,1,5,12
3/12/2021,1,5,15
3/13/2021,1,5,26
3/14/2021,1,5,15
3/15/2021,1,5,7
3/16/2021,1,5,15
3/17/2021,1,5,20
3/18/2021,1,5,11
3/19/2021,1,5,21
3/20/2021,1,5,15
3/21/2021,1,5,14
3/22/2021,1,5,20
3/23/2021,1,5,16
3/24/2021,1,5,15
3/25/2021,1,5,18
3/26/2021,1,5,18
3/27/2021,1,5,23
3/28/2021,1,5,12
3/29/2021,1,5,17
3/30/2021,1,5,8
3/31/2021,1,5,20
4/1/2021,1,5,15
4/2/2021,1,5,21
4/3/2021,1,5,17
4/4/2021,1,5,12
4/5/2021,1,5,17
4/6/2021,1,5,26
4/7/2021,1,5,15
4/8/2021,1,5,18
4/9/2021,1,5,12
4/10/2021,1,5,30
4/11/2021,1,5,14
4/12/2021,1,5,14
4/13/2021,1,5,23
4/14/2021,1,5,15
4/15/2021,1,5,24
4/16/2021,1,5,18
4/17/2021,1,5,24
4/18/2021,1,5,14
4/19/2021,1,5,17
4/20/2021,1,5,16
4/21/2021,1,5,21
4/22/2021,1,5,20
4/23/2021,1,5,36
4/24/2021,1,5,27
4/25/2021,1,5,20
4/26/2021,1,5,15
4/27/2021,1,5,20
4/28/2021,1,5,20
4/29/2021,1,5,20
4/30/2021,1,5,20
5/1/2021,1,5,18
5/2/2021,1,5,17
5/3/2021,1,5,21
5/4/2021,1,5,11
5/5/2021,1,5,16
5/6/2021,1,5,21
5/7/2021,1,5,15
5/8/2021,1,5,17
5/9/2021,1,5,14
5/10/2021,1,5,21
5/11/2021,1,5,24
5/12/2021,1,5,26
5/13/2021,1,5,24
5/14/2021,1,5,26
5/15/2021,1,5,24
5/16/2021,1,5,16
5/17/2021,1,5,16
5/18/2021,1,5,20
5/19/2021,1,5,23
5/20/2021,1,5,23
5/21/2021,1,5,22
5/22/2021,1,5,23
5/23/2021,1,5,18
5/24/2021,1,5,13
5/25/2021,1,5,28
5/26/2021,1,5,22
5/27/2021,1,5,21
5/28/2021,1,5,10
5/29/2021,1,5,28
5/30/2021,1,5,15
5/31/2021,1,5,26
6/1/2021,1,5,26
6/2/2021,1,5,26
6/3/2021,1,5,22
6/4/2021,1,5,23
6/5/2021,1,5,29
6/6/2021,1,5,16
6/7/2021,1,5,20
6/8/2021,1,5,18
6/9/2021,1,5,19
6/10/2021,1,5,29
6/11/2021,1,5,26
6/12/2021,1,5,29
6/13/2021,1,5,20
6/14/2021,1,5,7
6/15/2021,1,5,21
6/16/2021,1,5,22
6/17/2021,1,5,18
6/18/2021,1,5,26
6/19/2021,1,5,28
6/20/2021,1,5,13
6/21/2021,1,5,23
6/22/2021,1,5,20
6/23/2021,1,5,9
6/24/2021,1,5,14
6/25/2021,1,5,29
6/26/2021,1,5,19
6/27/2021,1,5,16
6/28/2021,1,5,20
6/29/2021,1,5,22
6/30/2021,1,5,33
7/1/2021,1,5,29
7/2/2021,1,5,30
7/3/2021,1,5,23
7/4/2021,1,5,20
7/5/2021,1,5,21
7/6/2021,1,5,25
7/7/2021,1,5,27
7/8/2021,1,5,21
7/9/2021,1,5,24
7/10/2021,1,5,31
7/11/2021,1,5,17
7/12/2021,1,5,22
7/13/2021,1,5,14
7/14/2021,1,5,30
7/15/2021,1,5,18
7/16/2021,1,5,36
7/17/2021,1,5,22
7/18/2021,1,5,22
7/19/2021,1,5,25
7/20/2021,1,5,21
7/21/2021,1,5,26
7/22/2021,1,5,28
7/23/2021,1,5,30
7/24/2021,1,5,22
7/25/2021,1,5,17
7/26/2021,1,5,26
7/27/2021,1,5,17
7/28/2021,1,5,18
7/29/2021,1,5,33
7/30/2021,1,5,21
7/31/2021,1,5,28
8/1/2021,1,5,19
8/2/2021,1,5,13
8/3/2021,1,5,21
8/4/2021,1,5,24
8/5/2021,1,5,22
8/6/2021,1,5,28
8/7/2021,1,5,28
8/8/2021,1,5,22
8/9/2021,1,5,19
8/10/2021,1,5,27
8/11/2021,1,5,19
8/12/2021,1,5,13
8/13/2021,1,5,24
8/14/2021,1,5,24
8/15/2021,1,5,17
8/16/2021,1,5,23
8/17/2021,1,5,15
8/18/2021,1,5,22
8/19/2021,1,5,20
8/20/2021,1,5,19
8/21/2021,1,5,33
8/22/2021,1,5,19
8/23/2021,1,5,28
8/24/2021,1,5,15
8/25/2021,1,5,23
8/26/2021,1,5,23
8/27/2021,1,5,21
8/28/2021,1,5,30
8/29/2021,1,5,14
8/30/2021,1,5,14
8/31/2021,1,5,16
9/1/2021,1,5,12
9/2/2021,1,5,14
9/3/2021,1,5,22
9/4/2021,1,5,15
9/5/2021,1,5,20
9/6/2021,1,5,21
9/7/2021,1,5,16
9/8/2021,1,5,19
9/9/2021,1,5,28
9/10/2021,1,5,19
9/11/2021,1,5,26
9/12/2021,1,5,17
9/13/2021,1,5,19
9/14/2021,1,5,15
9/15/2021,1,5,24
9/16/2021,1,5,19
9/17/2021,1,5,22
9/18/2021,1,5,25
9/19/2021,1,5,14
9/20/2021,1,5,21
9/21/2021,1,5,18
9/22/2021,1,5,25
9/23/2021,1,5,19
9/24/2021,1,5,28
9/25/2021,1,5,18
9/26/2021,1,5,15
9/27/2021,1,5,23
9/28/2021,1,5,21
9/29/2021,1,5,12
9/30/2021,1,5,17
10/1/2021,1,5,18
10/2/2021,1,5,16
10/3/2021,1,5,10
10/4/2021,1,5,22
10/5/2021,1,5,8
10/6/2021,1,5,20
10/7/2021,1,5,21
10/8/2021,1,5,24
10/9/2021,1,5,27
10/10/2021,1,5,12
10/11/2021,1,5,16
10/12/2021,1,5,17
10/13/2021,1,5,18
10/14/2021,1,5,13
10/15/2021,1,5,15
10/16/2021,1,5,21
10/17/2021,1,5,19
10/18/2021,1,5,16
10/19/2021,1,5,20
10/20/2021,1,5,13
10/21/2021,1,5,22
10/22/2021,1,5,15
10/23/2021,1,5,26
10/24/2021,1,5,15
10/25/2021,1,5,19
10/26/2021,1,5,16
10/27/2021,1,5,22
10/28/2021,1,5,26
10/29/2021,1,5,25
10/30/2021,1,5,16
10/31/2021,1,5,17
11/1/2021,1,5,17
11/2/2021,1,5,24
11/3/2021,1,5,25
11/4/2021,1,5,21
11/5/2021,1,5,18
11/6/2021,1,5,23
11/7/2021,1,5,20
11/8/2021,1,5,12
11/9/2021,1,5,13
11/10/2021,1,5,17
11/11/2021,1,5,24
11/12/2021,1,5,19
11/13/2021,1,5,21
11/14/2021,1,5,9
11/15/2021,1,5,18
11/16/2021,1,5,17
11/17/2021,1,5,14
11/18/2021,1,5,21
11/19/2021,1,5,17
11/20/2021,1,5,19
11/21/2021,1,5,11
11/22/2021,1,5,19
11/23/2021,1,5,17
11/24/2021,1,5,28
11/25/2021,1,5,19
11/26/2021,1,5,20
11/27/2021,1,5,19
11/28/2021,1,5,16
11/29/2021,1,5,21
11/30/2021,1,5,20
12/1/2021,1,5,19
12/2/2021,1,5,17
12/3/2021,1,5,15
12/4/2021,1,5,22
12/5/2021,1,5,14
12/6/2021,1,5,13
12/7/2021,1,5,14
12/8/2021,1,5,13
12/9/2021,1,5,11
12/10/2021,1,5,15
12/11/2021,1,5,22
12/12/2021,1,5,9
12/13/2021,1,5,4
12/14/2021,1,5,18
12/15/2021,1,5,8
12/16/2021,1,5,12
12/17/2021,1,5,17
12/18/2021,1,5,16
12/19/2021,1,5,9
12/20/2021,1,5,15
12/21/2021,1,5,8
12/22/2021,1,5,11
12/23/2021,1,5,18
12/24/2021,1,5,23
12/25/2021,1,5,11
12/26/2021,1,5,15
12/27/2021,1,5,12
12/28/2021,1,5,19
12/29/2021,1,5,12
12/30/2021,1,5,11
12/31/2021,1,5,17
1/1/2022,1,5,25
1/2/2022,1,5,14
1/3/2022,1,5,13
1/4/2022,1,5,15
1/5/2022,1,5,15
1/6/2022,1,5,18
1/7/2022,1,5,15
1/8/2022,1,5,12
1/9/2022,1,5,17
1/10/2022,1,5,11
1/11/2022,1,5,16
1/12/2022,1,5,8
1/13/2022,1,5,10
1/14/2022,1,5,15
1/15/2022,1,5,15
1/16/2022,1,5,7
1/17/2022,1,5,16
1/18/2022,1,5,14
1/19/2022,1,5,17
1/20/2022,1,5,16
1/21/2022,1,5,12
1/22/2022,1,5,9
1/23/2022,1,5,11
1/24/2022,1,5,14
1/25/2022,1,5,10
1/26/2022,1,5,14
1/27/2022,1,5,12
1/28/2022,1,5,10
1/29/2022,1,5,14
1/30/2022,1,5,4
1/31/2022,1,5,8
2/1/2022,1,5,19
2/2/2022,1,5,10
2/3/2022,1,5,12
2/4/2022,1,5,14
2/5/2022,1,5,13
2/6/2022,1,5,17
2/7/2022,1,5,19
2/8/2022,1,5,14
2/9/2022,1,5,14
2/10/2022,1,5,6
2/11/2022,1,5,20
2/12/2022,1,5,21
2/13/2022,1,5,9
2/14/2022,1,5,7
2/15/2022,1,5,13
2/16/2022,1,5,10
2/17/2022,1,5,26
2/18/2022,1,5,26
2/19/2022,1,5,19
2/20/2022,1,5,9
2/21/2022,1,5,17
2/22/2022,1,5,16
2/23/2022,1,5,11
2/24/2022,1,5,22
2/25/2022,1,5,22
2/26/2022,1,5,17
2/27/2022,1,5,14
2/28/2022,1,5,15
3/1/2022,1,5,17
3/2/2022,1,5,16
3/3/2022,1,5,14
3/4/2022,1,5,17
3/5/2022,1,5,26
3/6/2022,1,5,5
3/7/2022,1,5,9
3/8/2022,1,5,16
3/9/2022,1,5,19
3/10/2022,1,5,28
3/11/2022,1,5,20
3/12/2022,1,5,16
3/13/2022,1,5,9
3/14/2022,1,5,10
3/15/2022,1,5,15
3/16/2022,1,5,16
3/17/2022,1,5,16
3/18/2022,1,5,20
3/19/2022,1,5,14
3/20/2022,1,5,13
3/21/2022,1,5,18
3/22/2022,1,5,19
3/23/2022,1,5,16
3/24/2022,1,5,16
3/25/2022,1,5,19
3/26/2022,1,5,22
3/27/2022,1,5,15
3/28/2022,1,5,12
3/29/2022,1,5,10
3/30/2022,1,5,25
3/31/2022,1,5,24
4/1/2022,1,5,26
4/2/2022,1,5,32
4/3/2022,1,5,18
4/4/2022,1,5,21
4/5/2022,1,5,17
4/6/2022,1,5,19
4/7/2022,1,5,15
4/8/2022,1,5,25
4/9/2022,1,5,24
4/10/2022,1,5,9
4/11/2022,1,5,19
4/12/2022,1,5,22
4/13/2022,1,5,26
4/14/2022,1,5,20
4/15/2022,1,5,26
4/16/2022,1,5,29
4/17/2022,1,5,11
4/18/2022,1,5,20
4/19/2022,1,5,23
4/20/2022,1,5,19
4/21/2022,1,5,20
4/22/2022,1,5,22
4/23/2022,1,5,28
4/24/2022,1,5,15
4/25/2022,1,5,19
4/26/2022,1,5,24
4/27/2022,1,5,21
4/28/2022,1,5,20
4/29/2022,1,5,21
4/30/2022,1,5,22
5/1/2022,1,5,12
5/2/2022,1,5,17
5/3/2022,1,5,19
5/4/2022,1,5,22
5/5/2022,1,5,21
5/6/2022,1,5,16
5/7/2022,1,5,25
5/8/2022,1,5,21
5/9/2022,1,5,18
5/10/2022,1,5,18
5/11/2022,1,5,21
5/12/2022,1,5,24
5/13/2022,1,5,21
5/14/2022,1,5,30
5/15/2022,1,5,17
5/16/2022,1,5,21
5/17/2022,1,5,18
5/18/2022,1,5,21
5/19/2022,1,5,21
5/20/2022,1,5,32
5/21/2022,1,5,28
5/22/2022,1,5,22
5/23/2022,1,5,20
5/24/2022,1,5,25
5/25/2022,1,5,14
5/26/2022,1,5,19
5/27/2022,1,5,23
5/28/2022,1,5,23
5/29/2022,1,5,17
5/30/2022,1,5,20
5/31/2022,1,5,27
6/1/2022,1,5,27
6/2/2022,1,5,19
6/3/2022,1,5,27
6/4/2022,1,5,36
6/5/2022,1,5,21
6/6/2022,1,5,20
6/7/2022,1,5,21
6/8/2022,1,5,24
6/9/2022,1,5,24
6/10/2022,1,5,27
6/11/2022,1,5,25
6/12/2022,1,5,25
6/13/2022,1,5,32
6/14/2022,1,5,21
6/15/2022,1,5,22
6/16/2022,1,5,33
6/17/2022,1,5,23
6/18/2022,1,5,20
6/19/2022,1,5,19
6/20/2022,1,5,24
6/21/2022,1,5,17
6/22/2022,1,5,20
6/23/2022,1,5,24
6/24/2022,1,5,20
6/25/2022,1,5,24
6/26/2022,1,5,16
6/27/2022,1,5,16
6/28/2022,1,5,14
6/29/2022,1,5,23
6/30/2022,1,5,22
7/1/2022,1,5,26
7/2/2022,1,5,26
7/3/2022,1,5,18
7/4/2022,1,5,23
7/5/2022,1,5,22
7/6/2022,1,5,26
7/7/2022,1,5,21
7/8/2022,1,5,25
7/9/2022,1,5,23
7/10/2022,1,5,18
7/11/2022,1,5,12
7/12/2022,1,5,22
7/13/2022,1,5,23
7/14/2022,1,5,20
7/15/2022,1,5,37
7/16/2022,1,5,25
7/17/2022,1,5,21
7/18/2022,1,5,19
7/19/2022,1,5,16
7/20/2022,1,5,29
7/21/2022,1,5,17
7/22/2022,1,5,26
7/23/2022,1,5,21
7/24/2022,1,5,23
7/25/2022,1,5,25
7/26/2022,1,5,22
7/27/2022,1,5,25
7/28/2022,1,5,28
7/29/2022,1,5,27
7/30/2022,1,5,22
7/31/2022,1,5,11
8/1/2022,1,5,18
8/2/2022,1,5,13
8/3/2022,1,5,22
8/4/2022,1,5,21
8/5/2022,1,5,18
8/6/2022,1,5,21
8/7/2022,1,5,15
8/8/2022,1,5,16
8/9/2022,1,5,20
8/10/2022,1,5,19
8/11/2022,1,5,25
8/12/2022,1,5,25
8/13/2022,1,5,25
8/14/2022,1,5,22
8/15/2022,1,5,16
8/16/2022,1,5,21
8/17/2022,1,5,21
8/18/2022,1,5,27
8/19/2022,1,5,19
8/20/2022,1,5,26
8/21/2022,1,5,15
8/22/2022,1,5,21
8/23/2022,1,5,25
8/24/2022,1,5,24
8/25/2022,1,5,18
8/26/2022,1,5,19
8/27/2022,1,5,28
8/28/2022,1,5,19
8/29/2022,1,5,16
8/30/2022,1,5,18
8/31/2022,1,5,24
9/1/2022,1,5,26
9/2/2022,1,5,25
9/3/2022,1,5,23
9/4/2022,1,5,17
9/5/2022,1,5,7
9/6/2022,1,5,19
9/7/2022,1,5,25
9/8/2022,1,5,12
9/9/2022,1,5,26
9/10/2022,1,5,23
9/11/2022,1,5,13
9/12/2022,1,5,17
9/13/2022,1,5,20
9/14/2022,1,5,18
9/15/2022,1,5,18
9/16/2022,1,5,22
9/17/2022,1,5,25
9/18/2022,1,5,14
9/19/2022,1,5,18
9/20/2022,1,5,16
9/21/2022,1,5,16
9/22/2022,1,5,20
9/23/2022,1,5,28
9/24/2022,1,5,35
9/25/2022,1,5,14
9/26/2022,1,5,15
9/27/2022,1,5,19
9/28/2022,1,5,21
9/29/2022,1,5,18
9/30/2022,1,5,19
10/1/2022,1,5,20
10/2/2022,1,5,15
10/3/2022,1,5,22
10/4/2022,1,5,15
10/5/2022,1,5,19
10/6/2022,1,5,22
10/7/2022,1,5,19
10/8/2022,1,5,20
10/9/2022,1,5,14
10/10/2022,1,5,14
10/11/2022,1,5,17
10/12/2022,1,5,12
10/13/2022,1,5,14
10/14/2022,1,5,28
10/15/2022,1,5,18
10/16/2022,1,5,12
10/17/2022,1,5,13
10/18/2022,1,5,21
10/19/2022,1,5,11
10/20/2022,1,5,22
10/21/2022,1,5,31
10/22/2022,1,5,19
10/23/2022,1,5,16
10/24/2022,1,5,12
10/25/2022,1,5,23
10/26/2022,1,5,26
10/27/2022,1,5,22
10/28/2022,1,5,16
10/29/2022,1,5,21
10/30/2022,1,5,14
10/31/2022,1,5,17
11/1/2022,1,5,11
11/2/2022,1,5,18
11/3/2022,1,5,15
11/4/2022,1,5,21
11/5/2022,1,5,28
11/6/2022,1,5,15
11/7/2022,1,5,17
11/8/2022,1,5,18
11/9/2022,1,5,16
11/10/2022,1,5,15
11/11/2022,1,5,22
11/12/2022,1,5,28
11/13/2022,1,5,12
11/14/2022,1,5,15
11/15/2022,1,5,19
11/16/2022,1,5,19
11/17/2022,1,5,20
11/18/2022,1,5,26
11/19/2022,1,5,20
11/20/2022,1,5,15
11/21/2022,1,5,20
11/22/2022,1,5,14
11/23/2022,1,5,23
11/24/2022,1,5,24
11/25/2022,1,5,25
11/26/2022,1,5,32
11/27/2022,1,5,20
11/28/2022,1,5,18
11/29/2022,1,5,9
11/30/2022,1,5,20
12/1/2022,1,5,13
12/2/2022,1,5,18
12/3/2022,1,5,19
12/4/2022,1,5,13
12/5/2022,1,5,16
12/6/2022,1,5,15
12/7/2022,1,5,10
12/8/2022,1,5,6
12/9/2022,1,5,14
12/10/2022,1,5,18
12/11/2022,1,5,11
12/12/2022,1,5,13
12/13/2022,1,5,16
12/14/2022,1,5,9
12/15/2022,1,5,23
12/16/2022,1,5,23
12/17/2022,1,5,16
12/18/2022,1,5,10
12/19/2022,1,5,9
12/20/2022,1,5,11
12/21/2022,1,5,14
12/22/2022,1,5,6
12/23/2022,1,5,19
12/24/2022,1,5,15
12/25/2022,1,5,12
12/26/2022,1,5,10
12/27/2022,1,5,6
12/28/2022,1,5,15
12/29/2022,1,5,17
12/30/2022,1,5,22
12/31/2022,1,5,17
1/1/2018,2,5,4
1/2/2018,2,5,6
1/3/2018,2,5,12
1/4/2018,2,5,16
1/5/2018,2,5,9
1/6/2018,2,5,16
1/7/2018,2,5,7
1/8/2018,2,5,9
1/9/2018,2,5,13
1/10/2018,2,5,10
1/11/2018,2,5,26
1/12/2018,2,5,14
1/13/2018,2,5,15
1/14/2018,2,5,15
1/15/2018,2,5,12
1/16/2018,2,5,10
1/17/2018,2,5,12
1/18/2018,2,5,13
1/19/2018,2,5,17
1/20/2018,2,5,20
1/21/2018,2,5,16
1/22/2018,2,5,9
1/23/2018,2,5,13
1/24/2018,2,5,13
1/25/2018,2,5,13
1/26/2018,2,5,20
1/27/2018,2,5,25
1/28/2018,2,5,10
1/29/2018,2,5,14
1/30/2018,2,5,15
1/31/2018,2,5,16
2/1/2018,2,5,19
2/2/2018,2,5,10
2/3/2018,2,5,19
2/4/2018,2,5,17
2/5/2018,2,5,13
2/6/2018,2,5,8
2/7/2018,2,5,17
2/8/2018,2,5,10
2/9/2018,2,5,16
2/10/2018,2,5,16
2/11/2018,2,5,9
2/12/2018,2,5,16
2/13/2018,2,5,16
2/14/2018,2,5,13
2/15/2018,2,5,15
2/16/2018,2,5,16
2/17/2018,2,5,15
2/18/2018,2,5,12
2/19/2018,2,5,20
2/20/2018,2,5,14
2/21/2018,2,5,15
2/22/2018,2,5,21
2/23/2018,2,5,18
2/24/2018,2,5,25
2/25/2018,2,5,10
2/26/2018,2,5,10
2/27/2018,2,5,8
2/28/2018,2,5,14
3/1/2018,2,5,12
3/2/2018,2,5,19
3/3/2018,2,5,20
3/4/2018,2,5,18
3/5/2018,2,5,13
3/6/2018,2,5,20
3/7/2018,2,5,17
3/8/2018,2,5,11
3/9/2018,2,5,21
3/10/2018,2,5,21
3/11/2018,2,5,11
3/12/2018,2,5,21
3/13/2018,2,5,14
3/14/2018,2,5,24
3/15/2018,2,5,19
3/16/2018,2,5,21
3/17/2018,2,5,19
3/18/2018,2,5,19
3/19/2018,2,5,20
3/20/2018,2,5,11
3/21/2018,2,5,21
3/22/2018,2,5,19
3/23/2018,2,5,17
3/24/2018,2,5,20
3/25/2018,2,5,18
3/26/2018,2,5,20
3/27/2018,2,5,15
3/28/2018,2,5,18
3/29/2018,2,5,18
3/30/2018,2,5,22
3/31/2018,2,5,26
4/1/2018,2,5,20
4/2/2018,2,5,23
4/3/2018,2,5,18
4/4/2018,2,5,11
4/5/2018,2,5,19
4/6/2018,2,5,20
4/7/2018,2,5,28
4/8/2018,2,5,25
4/9/2018,2,5,11
4/10/2018,2,5,12
4/11/2018,2,5,20
4/12/2018,2,5,20
4/13/2018,2,5,18
4/14/2018,2,5,27
4/15/2018,2,5,13
4/16/2018,2,5,10
4/17/2018,2,5,16
4/18/2018,2,5,15
4/19/2018,2,5,28
4/20/2018,2,5,25
4/21/2018,2,5,20
4/22/2018,2,5,18
4/23/2018,2,5,20
4/24/2018,2,5,15
4/25/2018,2,5,17
4/26/2018,2,5,23
4/27/2018,2,5,20
4/28/2018,2,5,38
4/29/2018,2,5,16
4/30/2018,2,5,15
5/1/2018,2,5,20
5/2/2018,2,5,23
5/3/2018,2,5,22
5/4/2018,2,5,23
5/5/2018,2,5,22
5/6/2018,2,5,21
5/7/2018,2,5,21
5/8/2018,2,5,17
5/9/2018,2,5,16
5/10/2018,2,5,20
5/11/2018,2,5,26
5/12/2018,2,5,19
5/13/2018,2,5,16
5/14/2018,2,5,12
5/15/2018,2,5,28
5/16/2018,2,5,21
5/17/2018,2,5,23
5/18/2018,2,5,29
5/19/2018,2,5,24
5/20/2018,2,5,11
5/21/2018,2,5,17
5/22/2018,2,5,22
5/23/2018,2,5,27
5/24/2018,2,5,22
5/25/2018,2,5,26
5/26/2018,2,5,24
5/27/2018,2,5,24
5/28/2018,2,5,23
5/29/2018,2,5,36
5/30/2018,2,5,25
5/31/2018,2,5,26
6/1/2018,2,5,28
6/2/2018,2,5,41
6/3/2018,2,5,22
6/4/2018,2,5,17
6/5/2018,2,5,22
6/6/2018,2,5,17
6/7/2018,2,5,22
6/8/2018,2,5,27
6/9/2018,2,5,34
6/10/2018,2,5,17
6/11/2018,2,5,38
6/12/2018,2,5,21
6/13/2018,2,5,16
6/14/2018,2,5,25
6/15/2018,2,5,32
6/16/2018,2,5,32
6/17/2018,2,5,9
6/18/2018,2,5,22
6/19/2018,2,5,16
6/20/2018,2,5,28
6/21/2018,2,5,25
6/22/2018,2,5,21
6/23/2018,2,5,34
6/24/2018,2,5,17
6/25/2018,2,5,23
6/26/2018,2,5,28
6/27/2018,2,5,24
6/28/2018,2,5,27
6/29/2018,2,5,22
6/30/2018,2,5,28
7/1/2018,2,5,17
7/2/2018,2,5,26
7/3/2018,2,5,27
7/4/2018,2,5,28
7/5/2018,2,5,24
7/6/2018,2,5,26
7/7/2018,2,5,34
7/8/2018,2,5,11
7/9/2018,2,5,23
7/10/2018,2,5,21
7/11/2018,2,5,25
7/12/2018,2,5,19
7/13/2018,2,5,27
7/14/2018,2,5,40
7/15/2018,2,5,21
7/16/2018,2,5,15
7/17/2018,2,5,24
7/18/2018,2,5,25
7/19/2018,2,5,34
7/20/2018,2,5,24
7/21/2018,2,5,22
7/22/2018,2,5,21
7/23/2018,2,5,23
7/24/2018,2,5,26
7/25/2018,2,5,28
7/26/2018,2,5,18
7/27/2018,2,5,28
7/28/2018,2,5,33
7/29/2018,2,5,18
7/30/2018,2,5,17
7/31/2018,2,5,23
8/1/2018,2,5,27
8/2/2018,2,5,23
8/3/2018,2,5,25
8/4/2018,2,5,24
8/5/2018,2,5,16
8/6/2018,2,5,23
8/7/2018,2,5,19
8/8/2018,2,5,31
8/9/2018,2,5,25
8/10/2018,2,5,30
8/11/2018,2,5,29
8/12/2018,2,5,14
8/13/2018,2,5,11
8/14/2018,2,5,24
8/15/2018,2,5,22
8/16/2018,2,5,24
8/17/2018,2,5,25
8/18/2018,2,5,21
8/19/2018,2,5,10
8/20/2018,2,5,22
8/21/2018,2,5,28
8/22/2018,2,5,22
8/23/2018,2,5,24
8/24/2018,2,5,23
8/25/2018,2,5,25
8/26/2018,2,5,9
8/27/2018,2,5,18
8/28/2018,2,5,14
8/29/2018,2,5,17
8/30/2018,2,5,23
8/31/2018,2,5,34
9/1/2018,2,5,26
9/2/2018,2,5,16
9/3/2018,2,5,12
9/4/2018,2,5,10
9/5/2018,2,5,21
9/6/2018,2,5,22
9/7/2018,2,5,23
9/8/2018,2,5,19
9/9/2018,2,5,16
9/10/2018,2,5,23
9/11/2018,2,5,27
9/12/2018,2,5,16
9/13/2018,2,5,21
9/14/2018,2,5,26
9/15/2018,2,5,29
9/16/2018,2,5,13
9/17/2018,2,5,17
9/18/2018,2,5,18
9/19/2018,2,5,22
9/20/2018,2,5,19
9/21/2018,2,5,34
9/22/2018,2,5,28
9/23/2018,2,5,19
9/24/2018,2,5,19
9/25/2018,2,5,15
9/26/2018,2,5,10
9/27/2018,2,5,18
9/28/2018,2,5,24
9/29/2018,2,5,26
9/30/2018,2,5,12
10/1/2018,2,5,12
10/2/2018,2,5,16
10/3/2018,2,5,21
10/4/2018,2,5,26
10/5/2018,2,5,19
10/6/2018,2,5,21
10/7/2018,2,5,17
10/8/2018,2,5,10
10/9/2018,2,5,16
10/10/2018,2,5,24
10/11/2018,2,5,22
10/12/2018,2,5,18
10/13/2018,2,5,23
10/14/2018,2,5,19
10/15/2018,2,5,16
10/16/2018,2,5,20
10/17/2018,2,5,15
10/18/2018,2,5,28
10/19/2018,2,5,15
10/20/2018,2,5,24
10/21/2018,2,5,14
10/22/2018,2,5,22
10/23/2018,2,5,18
10/24/2018,2,5,21
10/25/2018,2,5,17
10/26/2018,2,5,23
10/27/2018,2,5,18
10/28/2018,2,5,18
10/29/2018,2,5,19
10/30/2018,2,5,19
10/31/2018,2,5,17
11/1/2018,2,5,26
11/2/2018,2,5,17
11/3/2018,2,5,25
11/4/2018,2,5,23
11/5/2018,2,5,19
11/6/2018,2,5,18
11/7/2018,2,5,23
11/8/2018,2,5,24
11/9/2018,2,5,23
11/10/2018,2,5,28
11/11/2018,2,5,16
11/12/2018,2,5,17
11/13/2018,2,5,17
11/14/2018,2,5,26
11/15/2018,2,5,24
11/16/2018,2,5,21
11/17/2018,2,5,16
11/18/2018,2,5,14
11/19/2018,2,5,18
11/20/2018,2,5,25
11/21/2018,2,5,15
11/22/2018,2,5,18
11/23/2018,2,5,24
11/24/2018,2,5,22
11/25/2018,2,5,25
11/26/2018,2,5,13
11/27/2018,2,5,24
11/28/2018,2,5,18
11/29/2018,2,5,20
11/30/2018,2,5,16
12/1/2018,2,5,21
12/2/2018,2,5,9
12/3/2018,2,5,12
12/4/2018,2,5,15
12/5/2018,2,5,11
12/6/2018,2,5,13
12/7/2018,2,5,14
12/8/2018,2,5,12
12/9/2018,2,5,14
12/10/2018,2,5,17
12/11/2018,2,5,10
12/12/2018,2,5,9
12/13/2018,2,5,7
12/14/2018,2,5,19
12/15/2018,2,5,20
12/16/2018,2,5,12
12/17/2018,2,5,10
12/18/2018,2,5,12
12/19/2018,2,5,18
12/20/2018,2,5,15
12/21/2018,2,5,24
12/22/2018,2,5,15
12/23/2018,2,5,3
12/24/2018,2,5,11
12/25/2018,2,5,12
12/26/2018,2,5,15
12/27/2018,2,5,14
12/28/2018,2,5,27
12/29/2018,2,5,12
12/30/2018,2,5,16
12/31/2018,2,5,16
1/1/2019,2,5,6
1/2/2019,2,5,21
1/3/2019,2,5,11
1/4/2019,2,5,12
1/5/2019,2,5,33
1/6/2019,2,5,12
1/7/2019,2,5,21
1/8/2019,2,5,17
1/9/2019,2,5,14
1/10/2019,2,5,12
1/11/2019,2,5,20
1/12/2019,2,5,17
1/13/2019,2,5,14
1/14/2019,2,5,13
1/15/2019,2,5,11
1/16/2019,2,5,17
1/17/2019,2,5,14
1/18/2019,2,5,23
1/19/2019,2,5,30
1/20/2019,2,5,9
1/21/2019,2,5,16
1/22/2019,2,5,15
1/23/2019,2,5,18
1/24/2019,2,5,20
1/25/2019,2,5,18
1/26/2019,2,5,18
1/27/2019,2,5,11
1/28/2019,2,5,16
1/29/2019,2,5,11
1/30/2019,2,5,16
1/31/2019,2,5,21
2/1/2019,2,5,24
2/2/2019,2,5,24
2/3/2019,2,5,14
2/4/2019,2,5,15
2/5/2019,2,5,13
2/6/2019,2,5,12
2/7/2019,2,5,22
2/8/2019,2,5,19
2/9/2019,2,5,24
2/10/2019,2,5,6
2/11/2019,2,5,15
2/12/2019,2,5,11
2/13/2019,2,5,11
2/14/2019,2,5,18
2/15/2019,2,5,15
2/16/2019,2,5,15
2/17/2019,2,5,13
2/18/2019,2,5,12
2/19/2019,2,5,14
2/20/2019,2,5,16
2/21/2019,2,5,22
2/22/2019,2,5,21
2/23/2019,2,5,16
2/24/2019,2,5,13
2/25/2019,2,5,16
2/26/2019,2,5,22
2/27/2019,2,5,16
2/28/2019,2,5,24
3/1/2019,2,5,24
3/2/2019,2,5,20
3/3/2019,2,5,11
3/4/2019,2,5,23
3/5/2019,2,5,24
3/6/2019,2,5,21
3/7/2019,2,5,20
3/8/2019,2,5,22
3/9/2019,2,5,26
3/10/2019,2,5,18
3/11/2019,2,5,15
3/12/2019,2,5,22
3/13/2019,2,5,29
3/14/2019,2,5,21
3/15/2019,2,5,22
3/16/2019,2,5,15
3/17/2019,2,5,13
3/18/2019,2,5,20
3/19/2019,2,5,17
3/20/2019,2,5,19
3/21/2019,2,5,15
3/22/2019,2,5,20
3/23/2019,2,5,23
3/24/2019,2,5,15
3/25/2019,2,5,20
3/26/2019,2,5,15
3/27/2019,2,5,17
3/28/2019,2,5,25
3/29/2019,2,5,30
3/30/2019,2,5,29
3/31/2019,2,5,18
4/1/2019,2,5,21
4/2/2019,2,5,19
4/3/2019,2,5,25
4/4/2019,2,5,32
4/5/2019,2,5,28
4/6/2019,2,5,31
4/7/2019,2,5,12
4/8/2019,2,5,19
4/9/2019,2,5,21
4/10/2019,2,5,27
4/11/2019,2,5,27
4/12/2019,2,5,26
4/13/2019,2,5,32
4/14/2019,2,5,13
4/15/2019,2,5,24
4/16/2019,2,5,22
4/17/2019,2,5,23
4/18/2019,2,5,30
4/19/2019,2,5,20
4/20/2019,2,5,30
4/21/2019,2,5,23
4/22/2019,2,5,18
4/23/2019,2,5,26
4/24/2019,2,5,26
4/25/2019,2,5,33
4/26/2019,2,5,27
4/27/2019,2,5,32
4/28/2019,2,5,17
4/29/2019,2,5,22
4/30/2019,2,5,18
5/1/2019,2,5,29
5/2/2019,2,5,25
5/3/2019,2,5,33
5/4/2019,2,5,42
5/5/2019,2,5,21
5/6/2019,2,5,30
5/7/2019,2,5,21
5/8/2019,2,5,24
5/9/2019,2,5,25
5/10/2019,2,5,26
5/11/2019,2,5,35
5/12/2019,2,5,23
5/13/2019,2,5,17
5/14/2019,2,5,34
5/15/2019,2,5,30
5/16/2019,2,5,31
5/17/2019,2,5,36
5/18/2019,2,5,42
5/19/2019,2,5,17
5/20/2019,2,5,39
5/21/2019,2,5,28
5/22/2019,2,5,25
5/23/2019,2,5,24
5/24/2019,2,5,26
5/25/2019,2,5,33
5/26/2019,2,5,19
5/27/2019,2,5,24
5/28/2019,2,5,19
5/29/2019,2,5,28
5/30/2019,2,5,36
5/31/2019,2,5,35
6/1/2019,2,5,30
6/2/2019,2,5,27
6/3/2019,2,5,28
6/4/2019,2,5,19
6/5/2019,2,5,26
6/6/2019,2,5,32
6/7/2019,2,5,30
6/8/2019,2,5,31
6/9/2019,2,5,19
6/10/2019,2,5,27
6/11/2019,2,5,29
6/12/2019,2,5,27
6/13/2019,2,5,20
6/14/2019,2,5,24
6/15/2019,2,5,45
6/16/2019,2,5,21
6/17/2019,2,5,28
6/18/2019,2,5,27
6/19/2019,2,5,19
6/20/2019,2,5,21
6/21/2019,2,5,39
6/22/2019,2,5,32
6/23/2019,2,5,11
6/24/2019,2,5,29
6/25/2019,2,5,22
6/26/2019,2,5,25
6/27/2019,2,5,23
6/28/2019,2,5,23
6/29/2019,2,5,30
6/30/2019,2,5,17
7/1/2019,2,5,31
7/2/2019,2,5,22
7/3/2019,2,5,24
7/4/2019,2,5,38
7/5/2019,2,5,29
7/6/2019,2,5,31
7/7/2019,2,5,17
7/8/2019,2,5,36
7/9/2019,2,5,30
7/10/2019,2,5,29
7/11/2019,2,5,34
7/12/2019,2,5,37
7/13/2019,2,5,19
7/14/2019,2,5,29
7/15/2019,2,5,35
7/16/2019,2,5,22
7/17/2019,2,5,32
7/18/2019,2,5,33
7/19/2019,2,5,22
7/20/2019,2,5,28
7/21/2019,2,5,26
7/22/2019,2,5,19
7/23/2019,2,5,22
7/24/2019,2,5,23
7/25/2019,2,5,27
7/26/2019,2,5,35
7/27/2019,2,5,33
7/28/2019,2,5,16
7/29/2019,2,5,20
7/30/2019,2,5,31
7/31/2019,2,5,28
8/1/2019,2,5,21
8/2/2019,2,5,20
8/3/2019,2,5,27
8/4/2019,2,5,21
8/5/2019,2,5,23
8/6/2019,2,5,22
8/7/2019,2,5,29
8/8/2019,2,5,28
8/9/2019,2,5,23
8/10/2019,2,5,28
8/11/2019,2,5,23
8/12/2019,2,5,17
8/13/2019,2,5,16
8/14/2019,2,5,24
8/15/2019,2,5,28
8/16/2019,2,5,32
8/17/2019,2,5,37
8/18/2019,2,5,22
8/19/2019,2,5,20
8/20/2019,2,5,23
8/21/2019,2,5,17
8/22/2019,2,5,23
8/23/2019,2,5,28
8/24/2019,2,5,40
8/25/2019,2,5,20
8/26/2019,2,5,23
8/27/2019,2,5,27
8/28/2019,2,5,20
8/29/2019,2,5,30
8/30/2019,2,5,26
8/31/2019,2,5,30
9/1/2019,2,5,13
9/2/2019,2,5,18
9/3/2019,2,5,12
9/4/2019,2,5,30
9/5/2019,2,5,28
9/6/2019,2,5,24
9/7/2019,2,5,28
9/8/2019,2,5,20
9/9/2019,2,5,20
9/10/2019,2,5,28
9/11/2019,2,5,24
9/12/2019,2,5,26
9/13/2019,2,5,33
9/14/2019,2,5,29
9/15/2019,2,5,25
9/16/2019,2,5,18
9/17/2019,2,5,26
9/18/2019,2,5,15
9/19/2019,2,5,28
9/20/2019,2,5,26
9/21/2019,2,5,31
9/22/2019,2,5,19
9/23/2019,2,5,21
9/24/2019,2,5,23
9/25/2019,2,5,25
9/26/2019,2,5,19
9/27/2019,2,5,20
9/28/2019,2,5,43
9/29/2019,2,5,19
9/30/2019,2,5,24
10/1/2019,2,5,20
10/2/2019,2,5,24
10/3/2019,2,5,34
10/4/2019,2,5,27
10/5/2019,2,5,26
10/6/2019,2,5,24
10/7/2019,2,5,19
10/8/2019,2,5,18
10/9/2019,2,5,19
10/10/2019,2,5,18
10/11/2019,2,5,24
10/12/2019,2,5,17
10/13/2019,2,5,19
10/14/2019,2,5,9
10/15/2019,2,5,17
10/16/2019,2,5,9
10/17/2019,2,5,17
10/18/2019,2,5,16
10/19/2019,2,5,28
10/20/2019,2,5,18
10/21/2019,2,5,14
10/22/2019,2,5,14
10/23/2019,2,5,28
10/24/2019,2,5,29
10/25/2019,2,5,29
10/26/2019,2,5,29
10/27/2019,2,5,18
10/28/2019,2,5,25
10/29/2019,2,5,24
10/30/2019,2,5,23
10/31/2019,2,5,21
11/1/2019,2,5,30
11/2/2019,2,5,28
11/3/2019,2,5,22
11/4/2019,2,5,18
11/5/2019,2,5,25
11/6/2019,2,5,39
11/7/2019,2,5,29
11/8/2019,2,5,28
11/9/2019,2,5,32
11/10/2019,2,5,9
11/11/2019,2,5,20
11/12/2019,2,5,19
11/13/2019,2,5,23
11/14/2019,2,5,18
11/15/2019,2,5,26
11/16/2019,2,5,29
11/17/2019,2,5,11
11/18/2019,2,5,30
11/19/2019,2,5,23
11/20/2019,2,5,29
11/21/2019,2,5,21
11/22/2019,2,5,22
11/23/2019,2,5,25
11/24/2019,2,5,24
11/25/2019,2,5,25
11/26/2019,2,5,18
11/27/2019,2,5,27
11/28/2019,2,5,27
11/29/2019,2,5,21
11/30/2019,2,5,28
12/1/2019,2,5,7
12/2/2019,2,5,11
12/3/2019,2,5,17
12/4/2019,2,5,17
12/5/2019,2,5,23
12/6/2019,2,5,11
12/7/2019,2,5,17
12/8/2019,2,5,13
12/9/2019,2,5,20
12/10/2019,2,5,23
12/11/2019,2,5,15
12/12/2019,2,5,23
12/13/2019,2,5,21
12/14/2019,2,5,22
12/15/2019,2,5,15
12/16/2019,2,5,15
12/17/2019,2,5,22
12/18/2019,2,5,15
12/19/2019,2,5,13
12/20/2019,2,5,26
12/21/2019,2,5,26
12/22/2019,2,5,16
12/23/2019,2,5,17
12/24/2019,2,5,15
12/25/2019,2,5,18
12/26/2019,2,5,20
12/27/2019,2,5,17
12/28/2019,2,5,22
12/29/2019,2,5,9
12/30/2019,2,5,13
12/31/2019,2,5,12
1/1/2020,2,5,14
1/2/2020,2,5,20
1/3/2020,2,5,22
1/4/2020,2,5,22
1/5/2020,2,5,12
1/6/2020,2,5,20
1/7/2020,2,5,15
1/8/2020,2,5,19
1/9/2020,2,5,20
1/10/2020,2,5,17
1/11/2020,2,5,22
1/12/2020,2,5,13
1/13/2020,2,5,12
1/14/2020,2,5,20
1/15/2020,2,5,13
1/16/2020,2,5,16
1/17/2020,2,5,7
1/18/2020,2,5,22
1/19/2020,2,5,14
1/20/2020,2,5,9
1/21/2020,2,5,15
1/22/2020,2,5,19
1/23/2020,2,5,15
1/24/2020,2,5,22
1/25/2020,2,5,13
1/26/2020,2,5,12
1/27/2020,2,5,12
1/28/2020,2,5,21
1/29/2020,2,5,23
1/30/2020,2,5,18
1/31/2020,2,5,18
2/1/2020,2,5,23
2/2/2020,2,5,19
2/3/2020,2,5,16
2/4/2020,2,5,17
2/5/2020,2,5,19
2/6/2020,2,5,24
2/7/2020,2,5,10
2/8/2020,2,5,25
2/9/2020,2,5,11
2/10/2020,2,5,19
2/11/2020,2,5,17
2/12/2020,2,5,16
2/13/2020,2,5,15
2/14/2020,2,5,30
2/15/2020,2,5,19
2/16/2020,2,5,13
2/17/2020,2,5,19
2/18/2020,2,5,17
2/19/2020,2,5,23
2/20/2020,2,5,12
2/21/2020,2,5,21
2/22/2020,2,5,19
2/23/2020,2,5,13
2/24/2020,2,5,18
2/25/2020,2,5,10
2/26/2020,2,5,16
2/27/2020,2,5,20
2/28/2020,2,5,19
3/1/2020,2,5,23
3/2/2020,2,5,15
3/3/2020,2,5,23
3/4/2020,2,5,18
3/5/2020,2,5,25
3/6/2020,2,5,23
3/7/2020,2,5,34
3/8/2020,2,5,28
3/9/2020,2,5,10
3/10/2020,2,5,24
3/11/2020,2,5,17
3/12/2020,2,5,26
3/13/2020,2,5,24
3/14/2020,2,5,28
3/15/2020,2,5,20
3/16/2020,2,5,16
3/17/2020,2,5,16
3/18/2020,2,5,20
3/19/2020,2,5,23
3/20/2020,2,5,27
3/21/2020,2,5,20
3/22/2020,2,5,32
3/23/2020,2,5,14
3/24/2020,2,5,15
3/25/2020,2,5,24
3/26/2020,2,5,18
3/27/2020,2,5,21
3/28/2020,2,5,25
3/29/2020,2,5,22
3/30/2020,2,5,8
3/31/2020,2,5,24
4/1/2020,2,5,13
4/2/2020,2,5,21
4/3/2020,2,5,33
4/4/2020,2,5,39
4/5/2020,2,5,39
4/6/2020,2,5,24
4/7/2020,2,5,23
4/8/2020,2,5,23
4/9/2020,2,5,20
4/10/2020,2,5,25
4/11/2020,2,5,31
4/12/2020,2,5,32
4/13/2020,2,5,22
4/14/2020,2,5,29
4/15/2020,2,5,21
4/16/2020,2,5,29
4/17/2020,2,5,23
4/18/2020,2,5,28
4/19/2020,2,5,36
4/20/2020,2,5,10
4/21/2020,2,5,26
4/22/2020,2,5,29
4/23/2020,2,5,21
4/24/2020,2,5,25
4/25/2020,2,5,25
4/26/2020,2,5,27
4/27/2020,2,5,16
4/28/2020,2,5,27
4/29/2020,2,5,20
4/30/2020,2,5,32
5/1/2020,2,5,34
5/2/2020,2,5,35
5/3/2020,2,5,30
5/4/2020,2,5,24
5/5/2020,2,5,21
5/6/2020,2,5,25
5/7/2020,2,5,24
5/8/2020,2,5,22
5/9/2020,2,5,31
5/10/2020,2,5,32
5/11/2020,2,5,19
5/12/2020,2,5,21
5/13/2020,2,5,21
5/14/2020,2,5,31
5/15/2020,2,5,25
5/16/2020,2,5,27
5/17/2020,2,5,32
5/18/2020,2,5,22
5/19/2020,2,5,28
5/20/2020,2,5,28
5/21/2020,2,5,22
5/22/2020,2,5,24
5/23/2020,2,5,34
5/24/2020,2,5,17
5/25/2020,2,5,11
5/26/2020,2,5,16
5/27/2020,2,5,23
5/28/2020,2,5,23
5/29/2020,2,5,28
5/30/2020,2,5,24
5/31/2020,2,5,31
6/1/2020,2,5,19
6/2/2020,2,5,22
6/3/2020,2,5,25
6/4/2020,2,5,27
6/5/2020,2,5,28
6/6/2020,2,5,34
6/7/2020,2,5,29
6/8/2020,2,5,24
6/9/2020,2,5,23
6/10/2020,2,5,31
6/11/2020,2,5,36
6/12/2020,2,5,30
6/13/2020,2,5,28
6/14/2020,2,5,27
6/15/2020,2,5,17
6/16/2020,2,5,20
6/17/2020,2,5,27
6/18/2020,2,5,23
6/19/2020,2,5,34
6/20/2020,2,5,32
6/21/2020,2,5,38
6/22/2020,2,5,26
6/23/2020,2,5,35
6/24/2020,2,5,35
6/25/2020,2,5,35
6/26/2020,2,5,28
6/27/2020,2,5,36
6/28/2020,2,5,38
6/29/2020,2,5,22
6/30/2020,2,5,34
7/1/2020,2,5,36
7/2/2020,2,5,24
7/3/2020,2,5,36
7/4/2020,2,5,45
7/5/2020,2,5,41
7/6/2020,2,5,31
7/7/2020,2,5,19
7/8/2020,2,5,28
7/9/2020,2,5,31
7/10/2020,2,5,31
7/11/2020,2,5,27
7/12/2020,2,5,35
7/13/2020,2,5,28
7/14/2020,2,5,24
7/15/2020,2,5,21
7/16/2020,2,5,34
7/17/2020,2,5,26
7/18/2020,2,5,34
7/19/2020,2,5,36
7/20/2020,2,5,19
7/21/2020,2,5,29
7/22/2020,2,5,25
7/23/2020,2,5,29
7/24/2020,2,5,32
7/25/2020,2,5,38
7/26/2020,2,5,42
7/27/2020,2,5,23
7/28/2020,2,5,29
7/29/2020,2,5,38
7/30/2020,2,5,35
7/31/2020,2,5,28
8/1/2020,2,5,30
8/2/2020,2,5,29
8/3/2020,2,5,22
8/4/2020,2,5,21
8/5/2020,2,5,27
8/6/2020,2,5,20
8/7/2020,2,5,32
8/8/2020,2,5,34
8/9/2020,2,5,34
8/10/2020,2,5,18
8/11/2020,2,5,15
8/12/2020,2,5,21
8/13/2020,2,5,35
8/14/2020,2,5,28
8/15/2020,2,5,29
8/16/2020,2,5,30
8/17/2020,2,5,19
8/18/2020,2,5,26
8/19/2020,2,5,16
8/20/2020,2,5,27
8/21/2020,2,5,27
8/22/2020,2,5,20
8/23/2020,2,5,29
8/24/2020,2,5,17
8/25/2020,2,5,27
8/26/2020,2,5,24
8/27/2020,2,5,24
8/28/2020,2,5,39
8/29/2020,2,5,27
8/30/2020,2,5,27
8/31/2020,2,5,20
9/1/2020,2,5,24
9/2/2020,2,5,15
9/3/2020,2,5,23
9/4/2020,2,5,30
9/5/2020,2,5,26
9/6/2020,2,5,26
9/7/2020,2,5,22
9/8/2020,2,5,20
9/9/2020,2,5,21
9/10/2020,2,5,20
9/11/2020,2,5,21
9/12/2020,2,5,30
9/13/2020,2,5,33
9/14/2020,2,5,19
9/15/2020,2,5,24
9/16/2020,2,5,31
9/17/2020,2,5,30
9/18/2020,2,5,28
9/19/2020,2,5,32
9/20/2020,2,5,31
9/21/2020,2,5,18
9/22/2020,2,5,29
9/23/2020,2,5,22
9/24/2020,2,5,27
9/25/2020,2,5,37
9/26/2020,2,5,22
9/27/2020,2,5,44
9/28/2020,2,5,23
9/29/2020,2,5,25
9/30/2020,2,5,22
10/1/2020,2,5,20
10/2/2020,2,5,16
10/3/2020,2,5,22
10/4/2020,2,5,28
10/5/2020,2,5,12
10/6/2020,2,5,22
10/7/2020,2,5,21
10/8/2020,2,5,15
10/9/2020,2,5,21
10/10/2020,2,5,24
10/11/2020,2,5,36
10/12/2020,2,5,28
10/13/2020,2,5,21
10/14/2020,2,5,22
10/15/2020,2,5,25
10/16/2020,2,5,14
10/17/2020,2,5,28
10/18/2020,2,5,21
10/19/2020,2,5,14
10/20/2020,2,5,16
10/21/2020,2,5,20
10/22/2020,2,5,40
10/23/2020,2,5,24
10/24/2020,2,5,22
10/25/2020,2,5,30
10/26/2020,2,5,11
10/27/2020,2,5,22
10/28/2020,2,5,23
10/29/2020,2,5,27
10/30/2020,2,5,25
10/31/2020,2,5,26
11/1/2020,2,5,37
11/2/2020,2,5,24
11/3/2020,2,5,19
11/4/2020,2,5,21
11/5/2020,2,5,32
11/6/2020,2,5,23
11/7/2020,2,5,26
11/8/2020,2,5,34
11/9/2020,2,5,16
11/10/2020,2,5,23
11/11/2020,2,5,26
11/12/2020,2,5,24
11/13/2020,2,5,30
11/14/2020,2,5,26
11/15/2020,2,5,34
11/16/2020,2,5,11
11/17/2020,2,5,17
11/18/2020,2,5,17
11/19/2020,2,5,19
11/20/2020,2,5,18
11/21/2020,2,5,28
11/22/2020,2,5,38
11/23/2020,2,5,20
11/24/2020,2,5,28
11/25/2020,2,5,21
11/26/2020,2,5,21
11/27/2020,2,5,23
11/28/2020,2,5,39
11/29/2020,2,5,28
11/30/2020,2,5,17
12/1/2020,2,5,24
12/2/2020,2,5,17
12/3/2020,2,5,17
12/4/2020,2,5,18
12/5/2020,2,5,24
12/6/2020,2,5,21
12/7/2020,2,5,17
12/8/2020,2,5,22
12/9/2020,2,5,23
12/10/2020,2,5,17
12/11/2020,2,5,20
12/12/2020,2,5,26
12/13/2020,2,5,24
12/14/2020,2,5,11
12/15/2020,2,5,13
12/16/2020,2,5,19
12/17/2020,2,5,19
12/18/2020,2,5,12
12/19/2020,2,5,25
12/20/2020,2,5,20
12/21/2020,2,5,12
12/22/2020,2,5,20
12/23/2020,2,5,18
12/24/2020,2,5,13
12/25/2020,2,5,19
12/26/2020,2,5,24
12/27/2020,2,5,23
12/28/2020,2,5,17
12/29/2020,2,5,18
12/30/2020,2,5,11
12/31/2020,2,5,17
1/1/2021,2,5,22
1/2/2021,2,5,22
1/3/2021,2,5,24
1/4/2021,2,5,11
1/5/2021,2,5,14
1/6/2021,2,5,14
1/7/2021,2,5,17
1/8/2021,2,5,16
1/9/2021,2,5,16
1/10/2021,2,5,8
1/11/2021,2,5,13
1/12/2021,2,5,11
1/13/2021,2,5,12
1/14/2021,2,5,15
1/15/2021,2,5,27
1/16/2021,2,5,19
1/17/2021,2,5,25
1/18/2021,2,5,16
1/19/2021,2,5,12
1/20/2021,2,5,14
1/21/2021,2,5,16
1/22/2021,2,5,20
1/23/2021,2,5,20
1/24/2021,2,5,17
1/25/2021,2,5,15
1/26/2021,2,5,13
1/27/2021,2,5,23
1/28/2021,2,5,19
1/29/2021,2,5,16
1/30/2021,2,5,12
1/31/2021,2,5,15
2/1/2021,2,5,12
2/2/2021,2,5,15
2/3/2021,2,5,15
2/4/2021,2,5,17
2/5/2021,2,5,24
2/6/2021,2,5,23
2/7/2021,2,5,19
2/8/2021,2,5,10
2/9/2021,2,5,23
2/10/2021,2,5,16
2/11/2021,2,5,19
2/12/2021,2,5,17
2/13/2021,2,5,17
2/14/2021,2,5,26
2/15/2021,2,5,21
2/16/2021,2,5,22
2/17/2021,2,5,24
2/18/2021,2,5,24
2/19/2021,2,5,20
2/20/2021,2,5,22
2/21/2021,2,5,22
2/22/2021,2,5,8
2/23/2021,2,5,24
2/24/2021,2,5,19
2/25/2021,2,5,24
2/26/2021,2,5,16
2/27/2021,2,5,20
2/28/2021,2,5,27
2/29/2021,2,5,16
3/1/2021,2,5,26
3/2/2021,2,5,10
3/3/2021,2,5,23
3/4/2021,2,5,31
3/5/2021,2,5,23
3/6/2021,2,5,27
3/7/2021,2,5,15
3/8/2021,2,5,19
3/9/2021,2,5,35
3/10/2021,2,5,22
3/11/2021,2,5,26
3/12/2021,2,5,28
3/13/2021,2,5,30
3/14/2021,2,5,18
3/15/2021,2,5,26
3/16/2021,2,5,18
3/17/2021,2,5,20
3/18/2021,2,5,28
3/19/2021,2,5,32
3/20/2021,2,5,29
3/21/2021,2,5,15
3/22/2021,2,5,30
3/23/2021,2,5,14
3/24/2021,2,5,31
3/25/2021,2,5,22
3/26/2021,2,5,23
3/27/2021,2,5,29
3/28/2021,2,5,19
3/29/2021,2,5,23
3/30/2021,2,5,23
3/31/2021,2,5,21
4/1/2021,2,5,27
4/2/2021,2,5,36
4/3/2021,2,5,32
4/4/2021,2,5,25
4/5/2021,2,5,34
4/6/2021,2,5,17
4/7/2021,2,5,21
4/8/2021,2,5,25
4/9/2021,2,5,31
4/10/2021,2,5,36
4/11/2021,2,5,16
4/12/2021,2,5,34
4/13/2021,2,5,23
4/14/2021,2,5,24
4/15/2021,2,5,24
4/16/2021,2,5,16
4/17/2021,2,5,37
4/18/2021,2,5,22
4/19/2021,2,5,17
4/20/2021,2,5,17
4/21/2021,2,5,26
4/22/2021,2,5,30
4/23/2021,2,5,37
4/24/2021,2,5,27
4/25/2021,2,5,17
4/26/2021,2,5,21
4/27/2021,2,5,21
4/28/2021,2,5,23
4/29/2021,2,5,33
4/30/2021,2,5,35
5/1/2021,2,5,30
5/2/2021,2,5,10
5/3/2021,2,5,35
5/4/2021,2,5,24
5/5/2021,2,5,36
5/6/2021,2,5,33
5/7/2021,2,5,36
5/8/2021,2,5,32
5/9/2021,2,5,22
5/10/2021,2,5,27
5/11/2021,2,5,31
5/12/2021,2,5,27
5/13/2021,2,5,35
5/14/2021,2,5,44
5/15/2021,2,5,28
5/16/2021,2,5,30
5/17/2021,2,5,34
5/18/2021,2,5,28
5/19/2021,2,5,40
5/20/2021,2,5,26
5/21/2021,2,5,23
5/22/2021,2,5,33
5/23/2021,2,5,32
5/24/2021,2,5,24
5/25/2021,2,5,21
5/26/2021,2,5,29
5/27/2021,2,5,32
5/28/2021,2,5,31
5/29/2021,2,5,40
5/30/2021,2,5,19
5/31/2021,2,5,18
6/1/2021,2,5,35
6/2/2021,2,5,39
6/3/2021,2,5,23
6/4/2021,2,5,44
6/5/2021,2,5,39
6/6/2021,2,5,29
6/7/2021,2,5,24
6/8/2021,2,5,27
6/9/2021,2,5,25
6/10/2021,2,5,28
6/11/2021,2,5,34
6/12/2021,2,5,47
6/13/2021,2,5,30
6/14/2021,2,5,31
6/15/2021,2,5,35
6/16/2021,2,5,33
6/17/2021,2,5,34
6/18/2021,2,5,33
6/19/2021,2,5,30
6/20/2021,2,5,36
6/21/2021,2,5,28
6/22/2021,2,5,26
6/23/2021,2,5,33
6/24/2021,2,5,41
6/25/2021,2,5,28
6/26/2021,2,5,33
6/27/2021,2,5,18
6/28/2021,2,5,20
6/29/2021,2,5,36
6/30/2021,2,5,44
7/1/2021,2,5,43
7/2/2021,2,5,38
7/3/2021,2,5,46
7/4/2021,2,5,25
7/5/2021,2,5,25
7/6/2021,2,5,29
7/7/2021,2,5,36
7/8/2021,2,5,37
7/9/2021,2,5,31
7/10/2021,2,5,44
7/11/2021,2,5,24
7/12/2021,2,5,29
7/13/2021,2,5,26
7/14/2021,2,5,32
7/15/2021,2,5,39
7/16/2021,2,5,32
7/17/2021,2,5,45
7/18/2021,2,5,23
7/19/2021,2,5,30
7/20/2021,2,5,29
7/21/2021,2,5,22
7/22/2021,2,5,40
7/23/2021,2,5,43
7/24/2021,2,5,45
7/25/2021,2,5,26
7/26/2021,2,5,27
7/27/2021,2,5,33
7/28/2021,2,5,41
7/29/2021,2,5,36
7/30/2021,2,5,36
7/31/2021,2,5,48
8/1/2021,2,5,19
8/2/2021,2,5,29
8/3/2021,2,5,24
8/4/2021,2,5,22
8/5/2021,2,5,29
8/6/2021,2,5,37
8/7/2021,2,5,34
8/8/2021,2,5,21
8/9/2021,2,5,27
8/10/2021,2,5,28
8/11/2021,2,5,31
8/12/2021,2,5,33
8/13/2021,2,5,40
8/14/2021,2,5,37
8/15/2021,2,5,19
8/16/2021,2,5,21
8/17/2021,2,5,19
8/18/2021,2,5,35
8/19/2021,2,5,31
8/20/2021,2,5,26
8/21/2021,2,5,27
8/22/2021,2,5,23
8/23/2021,2,5,24
8/24/2021,2,5,31
8/25/2021,2,5,23
8/26/2021,2,5,43
8/27/2021,2,5,32
8/28/2021,2,5,36
8/29/2021,2,5,28
8/30/2021,2,5,33
8/31/2021,2,5,28
9/1/2021,2,5,28
9/2/2021,2,5,28
9/3/2021,2,5,23
9/4/2021,2,5,30
9/5/2021,2,5,14
9/6/2021,2,5,21
9/7/2021,2,5,19
9/8/2021,2,5,24
9/9/2021,2,5,25
9/10/2021,2,5,24
9/11/2021,2,5,28
9/12/2021,2,5,28
9/13/2021,2,5,23
9/14/2021,2,5,21
9/15/2021,2,5,38
9/16/2021,2,5,29
9/17/2021,2,5,28
9/18/2021,2,5,37
9/19/2021,2,5,23
9/20/2021,2,5,19
9/21/2021,2,5,30
9/22/2021,2,5,31
9/23/2021,2,5,28
9/24/2021,2,5,34
9/25/2021,2,5,34
9/26/2021,2,5,16
9/27/2021,2,5,18
9/28/2021,2,5,26
9/29/2021,2,5,24
9/30/2021,2,5,26
10/1/2021,2,5,30
10/2/2021,2,5,26
10/3/2021,2,5,19
10/4/2021,2,5,31
10/5/2021,2,5,20
10/6/2021,2,5,17
10/7/2021,2,5,28
10/8/2021,2,5,21
10/9/2021,2,5,23
10/10/2021,2,5,27
10/11/2021,2,5,29
10/12/2021,2,5,28
10/13/2021,2,5,29
10/14/2021,2,5,23
10/15/2021,2,5,29
10/16/2021,2,5,17
10/17/2021,2,5,15
10/18/2021,2,5,12
10/19/2021,2,5,27
10/20/2021,2,5,20
10/21/2021,2,5,20
10/22/2021,2,5,36
10/23/2021,2,5,38
10/24/2021,2,5,17
10/25/2021,2,5,23
10/26/2021,2,5,11
10/27/2021,2,5,27
10/28/2021,2,5,25
10/29/2021,2,5,33
10/30/2021,2,5,41
10/31/2021,2,5,21
11/1/2021,2,5,19
11/2/2021,2,5,26
11/3/2021,2,5,27
11/4/2021,2,5,31
11/5/2021,2,5,36
11/6/2021,2,5,32
11/7/2021,2,5,26
11/8/2021,2,5,26
11/9/2021,2,5,34
11/10/2021,2,5,28
11/11/2021,2,5,31
11/12/2021,2,5,32
11/13/2021,2,5,33
11/14/2021,2,5,24
11/15/2021,2,5,27
11/16/2021,2,5,21
11/17/2021,2,5,32
11/18/2021,2,5,21
11/19/2021,2,5,33
11/20/2021,2,5,37
11/21/2021,2,5,23
11/22/2021,2,5,29
11/23/2021,2,5,18
11/24/2021,2,5,27
11/25/2021,2,5,27
11/26/2021,2,5,40
11/27/2021,2,5,32
11/28/2021,2,5,26
11/29/2021,2,5,23
11/30/2021,2,5,23
12/1/2021,2,5,19
12/2/2021,2,5,13
12/3/2021,2,5,26
12/4/2021,2,5,19
12/5/2021,2,5,10
12/6/2021,2,5,19
12/7/2021,2,5,19
12/8/2021,2,5,21
12/9/2021,2,5,30
12/10/2021,2,5,20
12/11/2021,2,5,15
12/12/2021,2,5,15
12/13/2021,2,5,16
12/14/2021,2,5,14
12/15/2021,2,5,18
12/16/2021,2,5,12
12/17/2021,2,5,23
12/18/2021,2,5,20
12/19/2021,2,5,9
12/20/2021,2,5,23
12/21/2021,2,5,19
12/22/2021,2,5,15
12/23/2021,2,5,18
12/24/2021,2,5,29
12/25/2021,2,5,16
12/26/2021,2,5,16
12/27/2021,2,5,16
12/28/2021,2,5,22
12/29/2021,2,5,22
12/30/2021,2,5,20
12/31/2021,2,5,29
1/1/2022,2,5,24
1/2/2022,2,5,8
1/3/2022,2,5,18
1/4/2022,2,5,23
1/5/2022,2,5,19
1/6/2022,2,5,16
1/7/2022,2,5,13
1/8/2022,2,5,18
1/9/2022,2,5,16
1/10/2022,2,5,20
1/11/2022,2,5,14
1/12/2022,2,5,14
1/13/2022,2,5,16
1/14/2022,2,5,13
1/15/2022,2,5,28
1/16/2022,2,5,17
1/17/2022,2,5,22
1/18/2022,2,5,24
1/19/2022,2,5,23
1/20/2022,2,5,27
1/21/2022,2,5,21
1/22/2022,2,5,25
1/23/2022,2,5,16
1/24/2022,2,5,21
1/25/2022,2,5,17
1/26/2022,2,5,14
1/27/2022,2,5,17
1/28/2022,2,5,27
1/29/2022,2,5,20
1/30/2022,2,5,17
1/31/2022,2,5,18
2/1/2022,2,5,19
2/2/2022,2,5,25
2/3/2022,2,5,18
2/4/2022,2,5,21
2/5/2022,2,5,34
2/6/2022,2,5,13
2/7/2022,2,5,22
2/8/2022,2,5,18
2/9/2022,2,5,15
2/10/2022,2,5,22
2/11/2022,2,5,13
2/12/2022,2,5,21
2/13/2022,2,5,17
2/14/2022,2,5,19
2/15/2022,2,5,21
2/16/2022,2,5,13
2/17/2022,2,5,22
2/18/2022,2,5,23
2/19/2022,2,5,28
2/20/2022,2,5,6
2/21/2022,2,5,12
2/22/2022,2,5,14
2/23/2022,2,5,24
2/24/2022,2,5,17
2/25/2022,2,5,29
2/26/2022,2,5,16
2/27/2022,2,5,13
2/28/2022,2,5,12
3/1/2022,2,5,20
3/2/2022,2,5,9
3/3/2022,2,5,29
3/4/2022,2,5,35
3/5/2022,2,5,27
3/6/2022,2,5,14
3/7/2022,2,5,19
3/8/2022,2,5,30
3/9/2022,2,5,26
3/10/2022,2,5,25
3/11/2022,2,5,21
3/12/2022,2,5,28
3/13/2022,2,5,14
3/14/2022,2,5,13
3/15/2022,2,5,23
3/16/2022,2,5,17
3/17/2022,2,5,27
3/18/2022,2,5,24
3/19/2022,2,5,32
3/20/2022,2,5,18
3/21/2022,2,5,21
3/22/2022,2,5,29
3/23/2022,2,5,27
3/24/2022,2,5,23
3/25/2022,2,5,38
3/26/2022,2,5,24
3/27/2022,2,5,12
3/28/2022,2,5,26
3/29/2022,2,5,24
3/30/2022,2,5,23
3/31/2022,2,5,25
4/1/2022,2,5,27
4/2/2022,2,5,32
4/3/2022,2,5,20
4/4/2022,2,5,28
4/5/2022,2,5,24
4/6/2022,2,5,26
4/7/2022,2,5,36
4/8/2022,2,5,27
4/9/2022,2,5,33
4/10/2022,2,5,22
4/11/2022,2,5,21
4/12/2022,2,5,25
4/13/2022,2,5,35
4/14/2022,2,5,25
4/15/2022,2,5,29
4/16/2022,2,5,32
4/17/2022,2,5,18
4/18/2022,2,5,28
4/19/2022,2,5,38
4/20/2022,2,5,15
4/21/2022,2,5,35
4/22/2022,2,5,22
4/23/2022,2,5,46
4/24/2022,2,5,32
4/25/2022,2,5,24
4/26/2022,2,5,29
4/27/2022,2,5,25
4/28/2022,2,5,31
4/29/2022,2,5,34
4/30/2022,2,5,28
5/1/2022,2,5,22
5/2/2022,2,5,23
5/3/2022,2,5,34
5/4/2022,2,5,32
5/5/2022,2,5,43
5/6/2022,2,5,31
5/7/2022,2,5,35
5/8/2022,2,5,17
5/9/2022,2,5,29
5/10/2022,2,5,22
5/11/2022,2,5,34
5/12/2022,2,5,39
5/13/2022,2,5,29
5/14/2022,2,5,38
5/15/2022,2,5,33
5/16/2022,2,5,21
5/17/2022,2,5,34
5/18/2022,2,5,33
5/19/2022,2,5,27
5/20/2022,2,5,30
5/21/2022,2,5,41
5/22/2022,2,5,18
5/23/2022,2,5,28
5/24/2022,2,5,27
5/25/2022,2,5,27
5/26/2022,2,5,38
5/27/2022,2,5,30
5/28/2022,2,5,36
5/29/2022,2,5,25
5/30/2022,2,5,31
5/31/2022,2,5,29
6/1/2022,2,5,31
6/2/2022,2,5,32
6/3/2022,2,5,42
6/4/2022,2,5,44
6/5/2022,2,5,23
6/6/2022,2,5,22
6/7/2022,2,5,36
6/8/2022,2,5,33
6/9/2022,2,5,45
6/10/2022,2,5,41
6/11/2022,2,5,43
6/12/2022,2,5,21
6/13/2022,2,5,30
6/14/2022,2,5,28
6/15/2022,2,5,25
6/16/2022,2,5,46
6/17/2022,2,5,31
6/18/2022,2,5,36
6/19/2022,2,5,19
6/20/2022,2,5,22
6/21/2022,2,5,25
6/22/2022,2,5,30
6/23/2022,2,5,35
6/24/2022,2,5,28
6/25/2022,2,5,43
6/26/2022,2,5,30
6/27/2022,2,5,30
6/28/2022,2,5,28
6/29/2022,2,5,36
6/30/2022,2,5,26
7/1/2022,2,5,34
7/2/2022,2,5,45
7/3/2022,2,5,30
7/4/2022,2,5,38
7/5/2022,2,5,24
7/6/2022,2,5,34
7/7/2022,2,5,46
7/8/2022,2,5,29
7/9/2022,2,5,49
7/10/2022,2,5,23
7/11/2022,2,5,39
7/12/2022,2,5,41
7/13/2022,2,5,28
7/14/2022,2,5,36
7/15/2022,2,5,50
7/16/2022,2,5,40
7/17/2022,2,5,25
7/18/2022,2,5,40
7/19/2022,2,5,27
7/20/2022,2,5,28
7/21/2022,2,5,39
7/22/2022,2,5,47
7/23/2022,2,5,41
7/24/2022,2,5,26
7/25/2022,2,5,34
7/26/2022,2,5,36
7/27/2022,2,5,34
7/28/2022,2,5,36
7/29/2022,2,5,45
7/30/2022,2,5,49
7/31/2022,2,5,25
8/1/2022,2,5,31
8/2/2022,2,5,16
8/3/2022,2,5,31
8/4/2022,2,5,26
8/5/2022,2,5,32
8/6/2022,2,5,40
8/7/2022,2,5,23
8/8/2022,2,5,26
8/9/2022,2,5,22
8/10/2022,2,5,28
8/11/2022,2,5,36
8/12/2022,2,5,44
8/13/2022,2,5,38
8/14/2022,2,5,21
8/15/2022,2,5,32
8/16/2022,2,5,26
8/17/2022,2,5,23
8/18/2022,2,5,38
8/19/2022,2,5,31
8/20/2022,2,5,36
8/21/2022,2,5,17
8/22/2022,2,5,34
8/23/2022,2,5,26
8/24/2022,2,5,23
8/25/2022,2,5,28
8/26/2022,2,5,26
8/27/2022,2,5,25
8/28/2022,2,5,21
8/29/2022,2,5,23
8/30/2022,2,5,27
8/31/2022,2,5,21
9/1/2022,2,5,29
9/2/2022,2,5,27
9/3/2022,2,5,26
9/4/2022,2,5,18
9/5/2022,2,5,25
9/6/2022,2,5,29
9/7/2022,2,5,25
9/8/2022,2,5,28
9/9/2022,2,5,32
9/10/2022,2,5,28
9/11/2022,2,5,21
9/12/2022,2,5,21
9/13/2022,2,5,24
9/14/2022,2,5,18
9/15/2022,2,5,34
9/16/2022,2,5,26
9/17/2022,2,5,33
9/18/2022,2,5,20
9/19/2022,2,5,27
9/20/2022,2,5,33
9/21/2022,2,5,39
9/22/2022,2,5,30
9/23/2022,2,5,37
9/24/2022,2,5,38
9/25/2022,2,5,14
9/26/2022,2,5,26
9/27/2022,2,5,24
9/28/2022,2,5,26
9/29/2022,2,5,27
9/30/2022,2,5,28
10/1/2022,2,5,31
10/2/2022,2,5,18
10/3/2022,2,5,37
10/4/2022,2,5,25
10/5/2022,2,5,32
10/6/2022,2,5,26
10/7/2022,2,5,24
10/8/2022,2,5,31
10/9/2022,2,5,11
10/10/2022,2,5,20
10/11/2022,2,5,24
10/12/2022,2,5,19
10/13/2022,2,5,27
10/14/2022,2,5,37
10/15/2022,2,5,30
10/16/2022,2,5,18
10/17/2022,2,5,22
10/18/2022,2,5,30
10/19/2022,2,5,22
10/20/2022,2,5,27
10/21/2022,2,5,27
10/22/2022,2,5,26
10/23/2022,2,5,21
10/24/2022,2,5,27
10/25/2022,2,5,25
10/26/2022,2,5,22
10/27/2022,2,5,30
10/28/2022,2,5,28
10/29/2022,2,5,30
10/30/2022,2,5,15
10/31/2022,2,5,27
11/1/2022,2,5,24
11/2/2022,2,5,31
11/3/2022,2,5,29
11/4/2022,2,5,36
11/5/2022,2,5,28
11/6/2022,2,5,19
11/7/2022,2,5,19
11/8/2022,2,5,27
11/9/2022,2,5,27
11/10/2022,2,5,27
11/11/2022,2,5,31
11/12/2022,2,5,47
11/13/2022,2,5,19
11/14/2022,2,5,37
11/15/2022,2,5,23
11/16/2022,2,5,28
11/17/2022,2,5,35
11/18/2022,2,5,22
11/19/2022,2,5,30
11/20/2022,2,5,16
11/21/2022,2,5,21
11/22/2022,2,5,29
11/23/2022,2,5,20
11/24/2022,2,5,27
11/25/2022,2,5,31
11/26/2022,2,5,45
11/27/2022,2,5,24
11/28/2022,2,5,28
11/29/2022,2,5,29
11/30/2022,2,5,35
12/1/2022,2,5,25
12/2/2022,2,5,26
12/3/2022,2,5,15
12/4/2022,2,5,19
12/5/2022,2,5,17
12/6/2022,2,5,29
12/7/2022,2,5,22
12/8/2022,2,5,24
12/9/2022,2,5,23
12/10/2022,2,5,23
12/11/2022,2,5,14
12/12/2022,2,5,23
12/13/2022,2,5,15
12/14/2022,2,5,23
12/15/2022,2,5,18
12/16/2022,2,5,26
12/17/2022,2,5,24
12/18/2022,2,5,11
12/19/2022,2,5,20
12/20/2022,2,5,13
12/21/2022,2,5,18
12/22/2022,2,5,21
12/23/2022,2,5,22
12/24/2022,2,5,22
12/25/2022,2,5,27
12/26/2022,2,5,18
12/27/2022,2,5,20
12/28/2022,2,5,18
12/29/2022,2,5,25
12/30/2022,2,5,20
12/31/2022,2,5,22
1/1/2018,3,5,13
1/2/2018,3,5,9
1/3/2018,3,5,10
1/4/2018,3,5,20
1/5/2018,3,5,13
1/6/2018,3,5,12
1/7/2018,3,5,3
1/8/2018,3,5,8
1/9/2018,3,5,11
1/10/2018,3,5,12
1/11/2018,3,5,8
1/12/2018,3,5,24
1/13/2018,3,5,16
1/14/2018,3,5,12
1/15/2018,3,5,14
1/16/2018,3,5,12
1/17/2018,3,5,12
1/18/2018,3,5,10
1/19/2018,3,5,12
1/20/2018,3,5,18
1/21/2018,3,5,5
1/22/2018,3,5,7
1/23/2018,3,5,9
1/24/2018,3,5,9
1/25/2018,3,5,14
1/26/2018,3,5,10
1/27/2018,3,5,15
1/28/2018,3,5,13
1/29/2018,3,5,5
1/30/2018,3,5,9
1/31/2018,3,5,8
2/1/2018,3,5,11
2/2/2018,3,5,10
2/3/2018,3,5,21
2/4/2018,3,5,6
2/5/2018,3,5,9
2/6/2018,3,5,13
2/7/2018,3,5,24
2/8/2018,3,5,16
2/9/2018,3,5,15
2/10/2018,3,5,10
2/11/2018,3,5,9
2/12/2018,3,5,13
2/13/2018,3,5,14
2/14/2018,3,5,13
2/15/2018,3,5,15
2/16/2018,3,5,12
2/17/2018,3,5,15
2/18/2018,3,5,8
2/19/2018,3,5,14
2/20/2018,3,5,7
2/21/2018,3,5,14
2/22/2018,3,5,10
2/23/2018,3,5,23
2/24/2018,3,5,18
2/25/2018,3,5,4
2/26/2018,3,5,6
2/27/2018,3,5,6
2/28/2018,3,5,9
3/1/2018,3,5,9
3/2/2018,3,5,20
3/3/2018,3,5,17
3/4/2018,3,5,12
3/5/2018,3,5,14
3/6/2018,3,5,16
3/7/2018,3,5,15
3/8/2018,3,5,16
3/9/2018,3,5,18
3/10/2018,3,5,22
3/11/2018,3,5,20
3/12/2018,3,5,13
3/13/2018,3,5,15
3/14/2018,3,5,18
3/15/2018,3,5,14
3/16/2018,3,5,13
3/17/2018,3,5,24
3/18/2018,3,5,7
3/19/2018,3,5,14
3/20/2018,3,5,17
3/21/2018,3,5,13
3/22/2018,3,5,15
3/23/2018,3,5,17
3/24/2018,3,5,19
3/25/2018,3,5,16
3/26/2018,3,5,12
3/27/2018,3,5,18
3/28/2018,3,5,13
3/29/2018,3,5,20
3/30/2018,3,5,19
3/31/2018,3,5,17
4/1/2018,3,5,15
4/2/2018,3,5,14
4/3/2018,3,5,18
4/4/2018,3,5,18
4/5/2018,3,5,22
4/6/2018,3,5,14
4/7/2018,3,5,18
4/8/2018,3,5,10
4/9/2018,3,5,10
4/10/2018,3,5,19
4/11/2018,3,5,24
4/12/2018,3,5,15
4/13/2018,3,5,28
4/14/2018,3,5,22
4/15/2018,3,5,17
4/16/2018,3,5,22
4/17/2018,3,5,13
4/18/2018,3,5,13
4/19/2018,3,5,19
4/20/2018,3,5,23
4/21/2018,3,5,22
4/22/2018,3,5,9
4/23/2018,3,5,23
4/24/2018,3,5,17
4/25/2018,3,5,19
4/26/2018,3,5,19
4/27/2018,3,5,17
4/28/2018,3,5,24
4/29/2018,3,5,18
4/30/2018,3,5,15
5/1/2018,3,5,10
5/2/2018,3,5,17
5/3/2018,3,5,27
5/4/2018,3,5,23
5/5/2018,3,5,24
5/6/2018,3,5,19
5/7/2018,3,5,19
5/8/2018,3,5,16
5/9/2018,3,5,18
5/10/2018,3,5,18
5/11/2018,3,5,23
5/12/2018,3,5,26
5/13/2018,3,5,21
5/14/2018,3,5,13
5/15/2018,3,5,14
5/16/2018,3,5,20
5/17/2018,3,5,24
5/18/2018,3,5,27
5/19/2018,3,5,20
5/20/2018,3,5,17
5/21/2018,3,5,18
5/22/2018,3,5,21
5/23/2018,3,5,17
5/24/2018,3,5,15
5/25/2018,3,5,15
5/26/2018,3,5,27
5/27/2018,3,5,11
5/28/2018,3,5,22
5/29/2018,3,5,19
5/30/2018,3,5,24
5/31/2018,3,5,18
6/1/2018,3,5,26
6/2/2018,3,5,9
6/3/2018,3,5,12
6/4/2018,3,5,13
6/5/2018,3,5,26
6/6/2018,3,5,24
6/7/2018,3,5,20
6/8/2018,3,5,21
6/9/2018,3,5,32
6/10/2018,3,5,21
6/11/2018,3,5,16
6/12/2018,3,5,21
6/13/2018,3,5,18
6/14/2018,3,5,17
6/15/2018,3,5,25
6/16/2018,3,5,23
6/17/2018,3,5,17
6/18/2018,3,5,15
6/19/2018,3,5,21
6/20/2018,3,5,23
6/21/2018,3,5,28
6/22/2018,3,5,26
6/23/2018,3,5,23
6/24/2018,3,5,24
6/25/2018,3,5,15
6/26/2018,3,5,14
6/27/2018,3,5,18
6/28/2018,3,5,20
6/29/2018,3,5,23
6/30/2018,3,5,23
7/1/2018,3,5,15
7/2/2018,3,5,21
7/3/2018,3,5,24
7/4/2018,3,5,24
7/5/2018,3,5,19
7/6/2018,3,5,29
7/7/2018,3,5,27
7/8/2018,3,5,16
7/9/2018,3,5,15
7/10/2018,3,5,21
7/11/2018,3,5,18
7/12/2018,3,5,19
7/13/2018,3,5,28
7/14/2018,3,5,32
7/15/2018,3,5,16
7/16/2018,3,5,20
7/17/2018,3,5,22
7/18/2018,3,5,27
7/19/2018,3,5,23
7/20/2018,3,5,26
7/21/2018,3,5,20
7/22/2018,3,5,18
7/23/2018,3,5,17
7/24/2018,3,5,15
7/25/2018,3,5,20
7/26/2018,3,5,25
7/27/2018,3,5,27
7/28/2018,3,5,16
7/29/2018,3,5,16
7/30/2018,3,5,25
7/31/2018,3,5,17
8/1/2018,3,5,22
8/2/2018,3,5,28
8/3/2018,3,5,24
8/4/2018,3,5,24
8/5/2018,3,5,14
8/6/2018,3,5,23
8/7/2018,3,5,26
8/8/2018,3,5,14
8/9/2018,3,5,18
8/10/2018,3,5,24
8/11/2018,3,5,20
8/12/2018,3,5,9
8/13/2018,3,5,16
8/14/2018,3,5,16
8/15/2018,3,5,16
8/16/2018,3,5,18
8/17/2018,3,5,18
8/18/2018,3,5,23
8/19/2018,3,5,20
8/20/2018,3,5,20
8/21/2018,3,5,24
8/22/2018,3,5,17
8/23/2018,3,5,19
8/24/2018,3,5,27
8/25/2018,3,5,35
8/26/2018,3,5,13
8/27/2018,3,5,24
8/28/2018,3,5,19
8/29/2018,3,5,21
8/30/2018,3,5,18
8/31/2018,3,5,23
9/1/2018,3,5,27
9/2/2018,3,5,16
9/3/2018,3,5,20
9/4/2018,3,5,16
9/5/2018,3,5,27
9/6/2018,3,5,14
9/7/2018,3,5,16
9/8/2018,3,5,20
9/9/2018,3,5,16
9/10/2018,3,5,17
9/11/2018,3,5,17
9/12/2018,3,5,17
9/13/2018,3,5,23
9/14/2018,3,5,18
9/15/2018,3,5,20
9/16/2018,3,5,16
9/17/2018,3,5,26
9/18/2018,3,5,25
9/19/2018,3,5,17
9/20/2018,3,5,19
9/21/2018,3,5,24
9/22/2018,3,5,26
9/23/2018,3,5,10
9/24/2018,3,5,18
9/25/2018,3,5,17
9/26/2018,3,5,23
9/27/2018,3,5,18
9/28/2018,3,5,26
9/29/2018,3,5,13
9/30/2018,3,5,12
10/1/2018,3,5,15
10/2/2018,3,5,18
10/3/2018,3,5,20
10/4/2018,3,5,13
10/5/2018,3,5,25
10/6/2018,3,5,14
10/7/2018,3,5,11
10/8/2018,3,5,13
10/9/2018,3,5,14
10/10/2018,3,5,16
10/11/2018,3,5,17
10/12/2018,3,5,20
10/13/2018,3,5,14
10/14/2018,3,5,14
10/15/2018,3,5,22
10/16/2018,3,5,18
10/17/2018,3,5,19
10/18/2018,3,5,15
10/19/2018,3,5,19
10/20/2018,3,5,15
10/21/2018,3,5,19
10/22/2018,3,5,16
10/23/2018,3,5,11
10/24/2018,3,5,14
10/25/2018,3,5,13
10/26/2018,3,5,23
10/27/2018,3,5,16
10/28/2018,3,5,11
10/29/2018,3,5,20
10/30/2018,3,5,18
10/31/2018,3,5,19
11/1/2018,3,5,18
11/2/2018,3,5,21
11/3/2018,3,5,17
11/4/2018,3,5,11
11/5/2018,3,5,21
11/6/2018,3,5,23
11/7/2018,3,5,13
11/8/2018,3,5,20
11/9/2018,3,5,15
11/10/2018,3,5,19
11/11/2018,3,5,13
11/12/2018,3,5,20
11/13/2018,3,5,14
11/14/2018,3,5,20
11/15/2018,3,5,18
11/16/2018,3,5,19
11/17/2018,3,5,22
11/18/2018,3,5,12
11/19/2018,3,5,16
11/20/2018,3,5,18
11/21/2018,3,5,17
11/22/2018,3,5,20
11/23/2018,3,5,15
11/24/2018,3,5,24
11/25/2018,3,5,11
11/26/2018,3,5,16
11/27/2018,3,5,27
11/28/2018,3,5,14
11/29/2018,3,5,23
11/30/2018,3,5,14
12/1/2018,3,5,17
12/2/2018,3,5,12
12/3/2018,3,5,16
12/4/2018,3,5,17
12/5/2018,3,5,13
12/6/2018,3,5,8
12/7/2018,3,5,19
12/8/2018,3,5,12
12/9/2018,3,5,12
12/10/2018,3,5,10
12/11/2018,3,5,12
12/12/2018,3,5,11
12/13/2018,3,5,15
12/14/2018,3,5,16
12/15/2018,3,5,10
12/16/2018,3,5,10
12/17/2018,3,5,20
12/18/2018,3,5,14
12/19/2018,3,5,12
12/20/2018,3,5,10
12/21/2018,3,5,19
12/22/2018,3,5,21
12/23/2018,3,5,16
12/24/2018,3,5,9
12/25/2018,3,5,13
12/26/2018,3,5,10
12/27/2018,3,5,15
12/28/2018,3,5,14
12/29/2018,3,5,10
12/30/2018,3,5,12
12/31/2018,3,5,12
1/1/2019,3,5,16
1/2/2019,3,5,8
1/3/2019,3,5,14
1/4/2019,3,5,12
1/5/2019,3,5,16
1/6/2019,3,5,8
1/7/2019,3,5,12
1/8/2019,3,5,23
1/9/2019,3,5,9
1/10/2019,3,5,16
1/11/2019,3,5,13
1/12/2019,3,5,21
1/13/2019,3,5,13
1/14/2019,3,5,10
1/15/2019,3,5,13
1/16/2019,3,5,10
1/17/2019,3,5,13
1/18/2019,3,5,17
1/19/2019,3,5,9
1/20/2019,3,5,10
1/21/2019,3,5,17
1/22/2019,3,5,13
1/23/2019,3,5,6
1/24/2019,3,5,13
1/25/2019,3,5,24
1/26/2019,3,5,19
1/27/2019,3,5,9
1/28/2019,3,5,8
1/29/2019,3,5,13
1/30/2019,3,5,18
1/31/2019,3,5,16
2/1/2019,3,5,18
2/2/2019,3,5,14
2/3/2019,3,5,21
2/4/2019,3,5,11
2/5/2019,3,5,22
2/6/2019,3,5,9
2/7/2019,3,5,16
2/8/2019,3,5,21
2/9/2019,3,5,12
2/10/2019,3,5,14
2/11/2019,3,5,9
2/12/2019,3,5,12
2/13/2019,3,5,12
2/14/2019,3,5,19
2/15/2019,3,5,23
2/16/2019,3,5,22
2/17/2019,3,5,7
2/18/2019,3,5,10
2/19/2019,3,5,18
2/20/2019,3,5,14
2/21/2019,3,5,8
2/22/2019,3,5,17
2/23/2019,3,5,17
2/24/2019,3,5,7
2/25/2019,3,5,17
2/26/2019,3,5,11
2/27/2019,3,5,9
2/28/2019,3,5,12
3/1/2019,3,5,17
3/2/2019,3,5,32
3/3/2019,3,5,16
3/4/2019,3,5,23
3/5/2019,3,5,13
3/6/2019,3,5,18
3/7/2019,3,5,20
3/8/2019,3,5,25
3/9/2019,3,5,24
3/10/2019,3,5,15
3/11/2019,3,5,23
3/12/2019,3,5,18
3/13/2019,3,5,16
3/14/2019,3,5,26
3/15/2019,3,5,23
3/16/2019,3,5,23
3/17/2019,3,5,6
3/18/2019,3,5,11
3/19/2019,3,5,24
3/20/2019,3,5,15
3/21/2019,3,5,15
3/22/2019,3,5,24
3/23/2019,3,5,18
3/24/2019,3,5,17
3/25/2019,3,5,17
3/26/2019,3,5,14
3/27/2019,3,5,19
3/28/2019,3,5,25
3/29/2019,3,5,17
3/30/2019,3,5,36
3/31/2019,3,5,18
4/1/2019,3,5,24
4/2/2019,3,5,30
4/3/2019,3,5,25
4/4/2019,3,5,27
4/5/2019,3,5,33
4/6/2019,3,5,22
4/7/2019,3,5,12
4/8/2019,3,5,23
4/9/2019,3,5,20
4/10/2019,3,5,20
4/11/2019,3,5,15
4/12/2019,3,5,18
4/13/2019,3,5,29
4/14/2019,3,5,17
4/15/2019,3,5,16
4/16/2019,3,5,17
4/17/2019,3,5,20
4/18/2019,3,5,21
4/19/2019,3,5,17
4/20/2019,3,5,28
4/21/2019,3,5,20
4/22/2019,3,5,22
4/23/2019,3,5,21
4/24/2019,3,5,22
4/25/2019,3,5,13
4/26/2019,3,5,23
4/27/2019,3,5,22
4/28/2019,3,5,12
4/29/2019,3,5,19
4/30/2019,3,5,16
5/1/2019,3,5,22
5/2/2019,3,5,36
5/3/2019,3,5,15
5/4/2019,3,5,21
5/5/2019,3,5,23
5/6/2019,3,5,19
5/7/2019,3,5,15
5/8/2019,3,5,22
5/9/2019,3,5,24
5/10/2019,3,5,30
5/11/2019,3,5,22
5/12/2019,3,5,14
5/13/2019,3,5,26
5/14/2019,3,5,19
5/15/2019,3,5,25
5/16/2019,3,5,37
5/17/2019,3,5,38
5/18/2019,3,5,35
5/19/2019,3,5,20
5/20/2019,3,5,18
5/21/2019,3,5,16
5/22/2019,3,5,13
5/23/2019,3,5,26
5/24/2019,3,5,21
5/25/2019,3,5,23
5/26/2019,3,5,18
5/27/2019,3,5,17
5/28/2019,3,5,25
5/29/2019,3,5,20
5/30/2019,3,5,23
5/31/2019,3,5,24
6/1/2019,3,5,23
6/2/2019,3,5,17
6/3/2019,3,5,20
6/4/2019,3,5,31
6/5/2019,3,5,21
6/6/2019,3,5,24
6/7/2019,3,5,25
6/8/2019,3,5,25
6/9/2019,3,5,21
6/10/2019,3,5,21
6/11/2019,3,5,20
6/12/2019,3,5,31
6/13/2019,3,5,28
6/14/2019,3,5,29
6/15/2019,3,5,22
6/16/2019,3,5,16
6/17/2019,3,5,18
6/18/2019,3,5,26
6/19/2019,3,5,21
6/20/2019,3,5,27
6/21/2019,3,5,24
6/22/2019,3,5,36
6/23/2019,3,5,22
6/24/2019,3,5,23
6/25/2019,3,5,18
6/26/2019,3,5,18
6/27/2019,3,5,29
6/28/2019,3,5,25
6/29/2019,3,5,26
6/30/2019,3,5,22
7/1/2019,3,5,15
7/2/2019,3,5,19
7/3/2019,3,5,30
7/4/2019,3,5,22
7/5/2019,3,5,32
7/6/2019,3,5,27
7/7/2019,3,5,24
7/8/2019,3,5,26
7/9/2019,3,5,21
7/10/2019,3,5,26
7/11/2019,3,5,30
7/12/2019,3,5,34
7/13/2019,3,5,37
7/14/2019,3,5,20
7/15/2019,3,5,19
7/16/2019,3,5,21
7/17/2019,3,5,33
7/18/2019,3,5,29
7/19/2019,3,5,31
7/20/2019,3,5,27
7/21/2019,3,5,24
7/22/2019,3,5,22
7/23/2019,3,5,27
7/24/2019,3,5,33
7/25/2019,3,5,21
7/26/2019,3,5,38
7/27/2019,3,5,35
7/28/2019,3,5,22
7/29/2019,3,5,29
7/30/2019,3,5,23
7/31/2019,3,5,26
8/1/2019,3,5,18
8/2/2019,3,5,32
8/3/2019,3,5,28
8/4/2019,3,5,13
8/5/2019,3,5,23
8/6/2019,3,5,19
8/7/2019,3,5,22
8/8/2019,3,5,20
8/9/2019,3,5,28
8/10/2019,3,5,35
8/11/2019,3,5,22
8/12/2019,3,5,19
8/13/2019,3,5,19
8/14/2019,3,5,16
8/15/2019,3,5,26
8/16/2019,3,5,23
8/17/2019,3,5,31
8/18/2019,3,5,11
8/19/2019,3,5,15
8/20/2019,3,5,26
8/21/2019,3,5,18
8/22/2019,3,5,24
8/23/2019,3,5,26
8/24/2019,3,5,25
8/25/2019,3,5,15
8/26/2019,3,5,21
8/27/2019,3,5,19
8/28/2019,3,5,16
8/29/2019,3,5,22
8/30/2019,3,5,25
8/31/2019,3,5,27
9/1/2019,3,5,16
9/2/2019,3,5,20
9/3/2019,3,5,11
9/4/2019,3,5,15
9/5/2019,3,5,22
9/6/2019,3,5,24
9/7/2019,3,5,22
9/8/2019,3,5,23
9/9/2019,3,5,15
9/10/2019,3,5,18
9/11/2019,3,5,24
9/12/2019,3,5,18
9/13/2019,3,5,30
9/14/2019,3,5,25
9/15/2019,3,5,14
9/16/2019,3,5,16
9/17/2019,3,5,14
9/18/2019,3,5,23
9/19/2019,3,5,21
9/20/2019,3,5,24
9/21/2019,3,5,28
9/22/2019,3,5,14
9/23/2019,3,5,25
9/24/2019,3,5,26
9/25/2019,3,5,22
9/26/2019,3,5,29
9/27/2019,3,5,25
9/28/2019,3,5,17
9/29/2019,3,5,10
9/30/2019,3,5,23
10/1/2019,3,5,17
10/2/2019,3,5,24
10/3/2019,3,5,16
10/4/2019,3,5,21
10/5/2019,3,5,23
10/6/2019,3,5,20
10/7/2019,3,5,15
10/8/2019,3,5,18
10/9/2019,3,5,21
10/10/2019,3,5,16
10/11/2019,3,5,15
10/12/2019,3,5,23
10/13/2019,3,5,15
10/14/2019,3,5,18
10/15/2019,3,5,15
10/16/2019,3,5,23
10/17/2019,3,5,19
10/18/2019,3,5,18
10/19/2019,3,5,33
10/20/2019,3,5,21
10/21/2019,3,5,19
10/22/2019,3,5,15
10/23/2019,3,5,19
10/24/2019,3,5,28
10/25/2019,3,5,13
10/26/2019,3,5,22
10/27/2019,3,5,14
10/28/2019,3,5,17
10/29/2019,3,5,17
10/30/2019,3,5,13
10/31/2019,3,5,14
11/1/2019,3,5,21
11/2/2019,3,5,15
11/3/2019,3,5,27
11/4/2019,3,5,22
11/5/2019,3,5,17
11/6/2019,3,5,16
11/7/2019,3,5,20
11/8/2019,3,5,30
11/9/2019,3,5,28
11/10/2019,3,5,25
11/11/2019,3,5,10
11/12/2019,3,5,20
11/13/2019,3,5,18
11/14/2019,3,5,23
11/15/2019,3,5,24
11/16/2019,3,5,33
11/17/2019,3,5,17
11/18/2019,3,5,26
11/19/2019,3,5,21
11/20/2019,3,5,17
11/21/2019,3,5,23
11/22/2019,3,5,20
11/23/2019,3,5,26
11/24/2019,3,5,14
11/25/2019,3,5,18
11/26/2019,3,5,25
11/27/2019,3,5,18
11/28/2019,3,5,21
11/29/2019,3,5,21
11/30/2019,3,5,32
12/1/2019,3,5,6
12/2/2019,3,5,14
12/3/2019,3,5,12
12/4/2019,3,5,10
12/5/2019,3,5,17
12/6/2019,3,5,16
12/7/2019,3,5,19
12/8/2019,3,5,12
12/9/2019,3,5,14
12/10/2019,3,5,23
12/11/2019,3,5,10
12/12/2019,3,5,16
12/13/2019,3,5,21
12/14/2019,3,5,14
12/15/2019,3,5,15
12/16/2019,3,5,13
12/17/2019,3,5,13
12/18/2019,3,5,17
12/19/2019,3,5,14
12/20/2019,3,5,19
12/21/2019,3,5,16
12/22/2019,3,5,14
12/23/2019,3,5,13
12/24/2019,3,5,19
12/25/2019,3,5,11
12/26/2019,3,5,13
12/27/2019,3,5,22
12/28/2019,3,5,14
12/29/2019,3,5,15
12/30/2019,3,5,13
12/31/2019,3,5,17
1/1/2020,3,5,21
1/2/2020,3,5,14
1/3/2020,3,5,11
1/4/2020,3,5,17
1/5/2020,3,5,14
1/6/2020,3,5,14
1/7/2020,3,5,10
1/8/2020,3,5,19
1/9/2020,3,5,13
1/10/2020,3,5,20
1/11/2020,3,5,16
1/12/2020,3,5,13
1/13/2020,3,5,16
1/14/2020,3,5,10
1/15/2020,3,5,12
1/16/2020,3,5,11
1/17/2020,3,5,15
1/18/2020,3,5,20
1/19/2020,3,5,11
1/20/2020,3,5,7
1/21/2020,3,5,13
1/22/2020,3,5,13
1/23/2020,3,5,10
1/24/2020,3,5,8
1/25/2020,3,5,25
1/26/2020,3,5,8
1/27/2020,3,5,23
1/28/2020,3,5,9
1/29/2020,3,5,12
1/30/2020,3,5,18
1/31/2020,3,5,18
2/1/2020,3,5,21
2/2/2020,3,5,16
2/3/2020,3,5,18
2/4/2020,3,5,9
2/5/2020,3,5,16
2/6/2020,3,5,16
2/7/2020,3,5,14
2/8/2020,3,5,16
2/9/2020,3,5,17
2/10/2020,3,5,13
2/11/2020,3,5,13
2/12/2020,3,5,20
2/13/2020,3,5,8
2/14/2020,3,5,18
2/15/2020,3,5,14
2/16/2020,3,5,13
2/17/2020,3,5,11
2/18/2020,3,5,19
2/19/2020,3,5,22
2/20/2020,3,5,13
2/21/2020,3,5,21
2/22/2020,3,5,22
2/23/2020,3,5,19
2/24/2020,3,5,20
2/25/2020,3,5,16
2/26/2020,3,5,15
2/27/2020,3,5,19
2/28/2020,3,5,22
3/1/2020,3,5,27
3/2/2020,3,5,14
3/3/2020,3,5,16
3/4/2020,3,5,21
3/5/2020,3,5,13
3/6/2020,3,5,17
3/7/2020,3,5,18
3/8/2020,3,5,21
3/9/2020,3,5,17
3/10/2020,3,5,14
3/11/2020,3,5,17
3/12/2020,3,5,17
3/13/2020,3,5,10
3/14/2020,3,5,21
3/15/2020,3,5,17
3/16/2020,3,5,16
3/17/2020,3,5,6
3/18/2020,3,5,17
3/19/2020,3,5,24
3/20/2020,3,5,22
3/21/2020,3,5,25
3/22/2020,3,5,22
3/23/2020,3,5,14
3/24/2020,3,5,14
3/25/2020,3,5,21
3/26/2020,3,5,20
3/27/2020,3,5,16
3/28/2020,3,5,22
3/29/2020,3,5,29
3/30/2020,3,5,14
3/31/2020,3,5,20
4/1/2020,3,5,21
4/2/2020,3,5,28
4/3/2020,3,5,24
4/4/2020,3,5,23
4/5/2020,3,5,25
4/6/2020,3,5,13
4/7/2020,3,5,22
4/8/2020,3,5,22
4/9/2020,3,5,19
4/10/2020,3,5,27
4/11/2020,3,5,20
4/12/2020,3,5,26
4/13/2020,3,5,19
4/14/2020,3,5,27
4/15/2020,3,5,16
4/16/2020,3,5,25
4/17/2020,3,5,30
4/18/2020,3,5,20
4/19/2020,3,5,22
4/20/2020,3,5,29
4/21/2020,3,5,29
4/22/2020,3,5,22
4/23/2020,3,5,20
4/24/2020,3,5,17
4/25/2020,3,5,32
4/26/2020,3,5,27
4/27/2020,3,5,24
4/28/2020,3,5,16
4/29/2020,3,5,20
4/30/2020,3,5,20
5/1/2020,3,5,30
5/2/2020,3,5,29
5/3/2020,3,5,32
5/4/2020,3,5,24
5/5/2020,3,5,14
5/6/2020,3,5,26
5/7/2020,3,5,24
5/8/2020,3,5,32
5/9/2020,3,5,30
5/10/2020,3,5,23
5/11/2020,3,5,20
5/12/2020,3,5,15
5/13/2020,3,5,21
5/14/2020,3,5,25
5/15/2020,3,5,22
5/16/2020,3,5,22
5/17/2020,3,5,27
5/18/2020,3,5,15
5/19/2020,3,5,21
5/20/2020,3,5,23
5/21/2020,3,5,23
5/22/2020,3,5,21
5/23/2020,3,5,27
5/24/2020,3,5,33
5/25/2020,3,5,23
5/26/2020,3,5,21
5/27/2020,3,5,17
5/28/2020,3,5,17
5/29/2020,3,5,22
5/30/2020,3,5,26
5/31/2020,3,5,29
6/1/2020,3,5,19
6/2/2020,3,5,28
6/3/2020,3,5,20
6/4/2020,3,5,15
6/5/2020,3,5,22
6/6/2020,3,5,28
6/7/2020,3,5,29
6/8/2020,3,5,16
6/9/2020,3,5,28
6/10/2020,3,5,21
6/11/2020,3,5,20
6/12/2020,3,5,35
6/13/2020,3,5,24
6/14/2020,3,5,38
6/15/2020,3,5,27
6/16/2020,3,5,24
6/17/2020,3,5,19
6/18/2020,3,5,23
6/19/2020,3,5,28
6/20/2020,3,5,32
6/21/2020,3,5,31
6/22/2020,3,5,15
6/23/2020,3,5,25
6/24/2020,3,5,23
6/25/2020,3,5,27
6/26/2020,3,5,34
6/27/2020,3,5,22
6/28/2020,3,5,30
6/29/2020,3,5,22
6/30/2020,3,5,32
7/1/2020,3,5,30
7/2/2020,3,5,32
7/3/2020,3,5,25
7/4/2020,3,5,29
7/5/2020,3,5,31
7/6/2020,3,5,20
7/7/2020,3,5,27
7/8/2020,3,5,27
7/9/2020,3,5,34
7/10/2020,3,5,35
7/11/2020,3,5,27
7/12/2020,3,5,25
7/13/2020,3,5,27
7/14/2020,3,5,23
7/15/2020,3,5,29
7/16/2020,3,5,32
7/17/2020,3,5,41
7/18/2020,3,5,34
7/19/2020,3,5,22
7/20/2020,3,5,29
7/21/2020,3,5,34
7/22/2020,3,5,34
7/23/2020,3,5,26
7/24/2020,3,5,26
7/25/2020,3,5,28
7/26/2020,3,5,25
7/27/2020,3,5,18
7/28/2020,3,5,21
7/29/2020,3,5,13
7/30/2020,3,5,32
7/31/2020,3,5,25
8/1/2020,3,5,27
8/2/2020,3,5,23
8/3/2020,3,5,20
8/4/2020,3,5,27
8/5/2020,3,5,23
8/6/2020,3,5,25
8/7/2020,3,5,32
8/8/2020,3,5,27
8/9/2020,3,5,25
8/10/2020,3,5,15
8/11/2020,3,5,20
8/12/2020,3,5,22
8/13/2020,3,5,30
8/14/2020,3,5,26
8/15/2020,3,5,37
8/16/2020,3,5,27
8/17/2020,3,5,19
8/18/2020,3,5,25
8/19/2020,3,5,24
8/20/2020,3,5,20
8/21/2020,3,5,35
8/22/2020,3,5,26
8/23/2020,3,5,25
8/24/2020,3,5,12
8/25/2020,3,5,26
8/26/2020,3,5,30
8/27/2020,3,5,19
8/28/2020,3,5,22
8/29/2020,3,5,26
8/30/2020,3,5,29
8/31/2020,3,5,18
9/1/2020,3,5,13
9/2/2020,3,5,13
9/3/2020,3,5,21
9/4/2020,3,5,25
9/5/2020,3,5,28
9/6/2020,3,5,31
9/7/2020,3,5,19
9/8/2020,3,5,17
9/9/2020,3,5,19
9/10/2020,3,5,15
9/11/2020,3,5,21
9/12/2020,3,5,26
9/13/2020,3,5,22
9/14/2020,3,5,24
9/15/2020,3,5,15
9/16/2020,3,5,15
9/17/2020,3,5,14
9/18/2020,3,5,15
9/19/2020,3,5,22
9/20/2020,3,5,29
9/21/2020,3,5,17
9/22/2020,3,5,21
9/23/2020,3,5,24
9/24/2020,3,5,27
9/25/2020,3,5,20
9/26/2020,3,5,28
9/27/2020,3,5,22
9/28/2020,3,5,16
9/29/2020,3,5,15
9/30/2020,3,5,26
10/1/2020,3,5,17
10/2/2020,3,5,24
10/3/2020,3,5,13
10/4/2020,3,5,17
10/5/2020,3,5,16
10/6/2020,3,5,26
10/7/2020,3,5,17
10/8/2020,3,5,19
10/9/2020,3,5,25
10/10/2020,3,5,16
10/11/2020,3,5,34
10/12/2020,3,5,22
10/13/2020,3,5,17
10/14/2020,3,5,12
10/15/2020,3,5,20
10/16/2020,3,5,25
10/17/2020,3,5,24
10/18/2020,3,5,19
10/19/2020,3,5,13
10/20/2020,3,5,16
10/21/2020,3,5,26
10/22/2020,3,5,17
10/23/2020,3,5,23
10/24/2020,3,5,21
10/25/2020,3,5,28
10/26/2020,3,5,12
10/27/2020,3,5,21
10/28/2020,3,5,19
10/29/2020,3,5,20
10/30/2020,3,5,16
10/31/2020,3,5,17
11/1/2020,3,5,19
11/2/2020,3,5,18
11/3/2020,3,5,27
11/4/2020,3,5,14
11/5/2020,3,5,28
11/6/2020,3,5,26
11/7/2020,3,5,27
11/8/2020,3,5,23
11/9/2020,3,5,15
11/10/2020,3,5,19
11/11/2020,3,5,17
11/12/2020,3,5,27
11/13/2020,3,5,22
11/14/2020,3,5,21
11/15/2020,3,5,24
11/16/2020,3,5,27
11/17/2020,3,5,25
11/18/2020,3,5,22
11/19/2020,3,5,27
11/20/2020,3,5,21
11/21/2020,3,5,28
11/22/2020,3,5,33
11/23/2020,3,5,18
11/24/2020,3,5,25
11/25/2020,3,5,17
11/26/2020,3,5,23
11/27/2020,3,5,25
11/28/2020,3,5,23
11/29/2020,3,5,32
11/30/2020,3,5,22
12/1/2020,3,5,12
12/2/2020,3,5,12
12/3/2020,3,5,15
12/4/2020,3,5,20
12/5/2020,3,5,16
12/6/2020,3,5,20
12/7/2020,3,5,11
12/8/2020,3,5,10
12/9/2020,3,5,13
12/10/2020,3,5,23
12/11/2020,3,5,13
12/12/2020,3,5,15
12/13/2020,3,5,10
12/14/2020,3,5,12
12/15/2020,3,5,17
12/16/2020,3,5,11
12/17/2020,3,5,21
12/18/2020,3,5,16
12/19/2020,3,5,10
12/20/2020,3,5,15
12/21/2020,3,5,8
12/22/2020,3,5,14
12/23/2020,3,5,13
12/24/2020,3,5,23
12/25/2020,3,5,18
12/26/2020,3,5,25
12/27/2020,3,5,20
12/28/2020,3,5,13
12/29/2020,3,5,11
12/30/2020,3,5,15
12/31/2020,3,5,20
1/1/2021,3,5,14
1/2/2021,3,5,13
1/3/2021,3,5,19
1/4/2021,3,5,6
1/5/2021,3,5,12
1/6/2021,3,5,13
1/7/2021,3,5,15
1/8/2021,3,5,15
1/9/2021,3,5,25
1/10/2021,3,5,20
1/11/2021,3,5,14
1/12/2021,3,5,19
1/13/2021,3,5,15
1/14/2021,3,5,16
1/15/2021,3,5,15
1/16/2021,3,5,17
1/17/2021,3,5,10
1/18/2021,3,5,18
1/19/2021,3,5,16
1/20/2021,3,5,15
1/21/2021,3,5,10
1/22/2021,3,5,13
1/23/2021,3,5,14
1/24/2021,3,5,28
1/25/2021,3,5,16
1/26/2021,3,5,20
1/27/2021,3,5,20
1/28/2021,3,5,19
1/29/2021,3,5,16
1/30/2021,3,5,15
1/31/2021,3,5,22
2/1/2021,3,5,16
2/2/2021,3,5,14
2/3/2021,3,5,12
2/4/2021,3,5,15
2/5/2021,3,5,24
2/6/2021,3,5,10
2/7/2021,3,5,14
2/8/2021,3,5,10
2/9/2021,3,5,14
2/10/2021,3,5,12
2/11/2021,3,5,21
2/12/2021,3,5,14
2/13/2021,3,5,25
2/14/2021,3,5,29
2/15/2021,3,5,12
2/16/2021,3,5,11
2/17/2021,3,5,24
2/18/2021,3,5,19
2/19/2021,3,5,18
2/20/2021,3,5,20
2/21/2021,3,5,22
2/22/2021,3,5,14
2/23/2021,3,5,16
2/24/2021,3,5,16
2/25/2021,3,5,16
2/26/2021,3,5,20
2/27/2021,3,5,17
2/28/2021,3,5,15
2/29/2021,3,5,21
3/1/2021,3,5,16
3/2/2021,3,5,19
3/3/2021,3,5,18
3/4/2021,3,5,27
3/5/2021,3,5,26
3/6/2021,3,5,15
3/7/2021,3,5,10
3/8/2021,3,5,24
3/9/2021,3,5,22
3/10/2021,3,5,22
3/11/2021,3,5,27
3/12/2021,3,5,29
3/13/2021,3,5,26
3/14/2021,3,5,15
3/15/2021,3,5,14
3/16/2021,3,5,11
3/17/2021,3,5,19
3/18/2021,3,5,20
3/19/2021,3,5,17
3/20/2021,3,5,15
3/21/2021,3,5,15
3/22/2021,3,5,22
3/23/2021,3,5,21
3/24/2021,3,5,24
3/25/2021,3,5,21
3/26/2021,3,5,13
3/27/2021,3,5,24
3/28/2021,3,5,18
3/29/2021,3,5,14
3/30/2021,3,5,22
3/31/2021,3,5,18
4/1/2021,3,5,18
4/2/2021,3,5,28
4/3/2021,3,5,24
4/4/2021,3,5,13
4/5/2021,3,5,24
4/6/2021,3,5,15
4/7/2021,3,5,20
4/8/2021,3,5,26
4/9/2021,3,5,26
4/10/2021,3,5,27
4/11/2021,3,5,11
4/12/2021,3,5,27
4/13/2021,3,5,28
4/14/2021,3,5,27
4/15/2021,3,5,28
4/16/2021,3,5,38
4/17/2021,3,5,21
4/18/2021,3,5,29
4/19/2021,3,5,14
4/20/2021,3,5,27
4/21/2021,3,5,29
4/22/2021,3,5,14
4/23/2021,3,5,15
4/24/2021,3,5,31
4/25/2021,3,5,14
4/26/2021,3,5,14
4/27/2021,3,5,18
4/28/2021,3,5,28
4/29/2021,3,5,27
4/30/2021,3,5,29
5/1/2021,3,5,35
5/2/2021,3,5,20
5/3/2021,3,5,28
5/4/2021,3,5,14
5/5/2021,3,5,17
5/6/2021,3,5,24
5/7/2021,3,5,31
5/8/2021,3,5,38
5/9/2021,3,5,11
5/10/2021,3,5,18
5/11/2021,3,5,29
5/12/2021,3,5,21
5/13/2021,3,5,25
5/14/2021,3,5,25
5/15/2021,3,5,23
5/16/2021,3,5,18
5/17/2021,3,5,18
5/18/2021,3,5,21
5/19/2021,3,5,32
5/20/2021,3,5,31
5/21/2021,3,5,23
5/22/2021,3,5,28
5/23/2021,3,5,24
5/24/2021,3,5,37
5/25/2021,3,5,17
5/26/2021,3,5,28
5/27/2021,3,5,32
5/28/2021,3,5,28
5/29/2021,3,5,28
5/30/2021,3,5,25
5/31/2021,3,5,26
6/1/2021,3,5,16
6/2/2021,3,5,28
6/3/2021,3,5,33
6/4/2021,3,5,33
6/5/2021,3,5,40
6/6/2021,3,5,31
6/7/2021,3,5,31
6/8/2021,3,5,27
6/9/2021,3,5,29
6/10/2021,3,5,27
6/11/2021,3,5,23
6/12/2021,3,5,24
6/13/2021,3,5,13
6/14/2021,3,5,29
6/15/2021,3,5,23
6/16/2021,3,5,30
6/17/2021,3,5,27
6/18/2021,3,5,31
6/19/2021,3,5,30
6/20/2021,3,5,24
6/21/2021,3,5,36
6/22/2021,3,5,19
6/23/2021,3,5,16
6/24/2021,3,5,25
6/25/2021,3,5,30
6/26/2021,3,5,25
6/27/2021,3,5,15
6/28/2021,3,5,33
6/29/2021,3,5,34
6/30/2021,3,5,25
7/1/2021,3,5,32
7/2/2021,3,5,29
7/3/2021,3,5,26
7/4/2021,3,5,28
7/5/2021,3,5,34
7/6/2021,3,5,26
7/7/2021,3,5,24
7/8/2021,3,5,27
7/9/2021,3,5,30
7/10/2021,3,5,28
7/11/2021,3,5,20
7/12/2021,3,5,20
7/13/2021,3,5,30
7/14/2021,3,5,38
7/15/2021,3,5,30
7/16/2021,3,5,40
7/17/2021,3,5,40
7/18/2021,3,5,21
7/19/2021,3,5,35
7/20/2021,3,5,31
7/21/2021,3,5,43
7/22/2021,3,5,28
7/23/2021,3,5,24
7/24/2021,3,5,25
7/25/2021,3,5,18
7/26/2021,3,5,23
7/27/2021,3,5,20
7/28/2021,3,5,16
7/29/2021,3,5,30
7/30/2021,3,5,41
7/31/2021,3,5,43
8/1/2021,3,5,21
8/2/2021,3,5,27
8/3/2021,3,5,22
8/4/2021,3,5,31
8/5/2021,3,5,29
8/6/2021,3,5,31
8/7/2021,3,5,21
8/8/2021,3,5,18
8/9/2021,3,5,20
8/10/2021,3,5,23
8/11/2021,3,5,14
8/12/2021,3,5,39
8/13/2021,3,5,29
8/14/2021,3,5,21
8/15/2021,3,5,23
8/16/2021,3,5,18
8/17/2021,3,5,25
8/18/2021,3,5,27
8/19/2021,3,5,24
8/20/2021,3,5,31
8/21/2021,3,5,31
8/22/2021,3,5,15
8/23/2021,3,5,19
8/24/2021,3,5,22
8/25/2021,3,5,21
8/26/2021,3,5,39
8/27/2021,3,5,32
8/28/2021,3,5,36
8/29/2021,3,5,23
8/30/2021,3,5,26
8/31/2021,3,5,33
9/1/2021,3,5,27
9/2/2021,3,5,31
9/3/2021,3,5,24
9/4/2021,3,5,22
9/5/2021,3,5,16
9/6/2021,3,5,18
9/7/2021,3,5,24
9/8/2021,3,5,30
9/9/2021,3,5,23
9/10/2021,3,5,21
9/11/2021,3,5,23
9/12/2021,3,5,12
9/13/2021,3,5,25
9/14/2021,3,5,21
9/15/2021,3,5,24
9/16/2021,3,5,33
9/17/2021,3,5,28
9/18/2021,3,5,23
9/19/2021,3,5,17
9/20/2021,3,5,18
9/21/2021,3,5,27
9/22/2021,3,5,31
9/23/2021,3,5,33
9/24/2021,3,5,25
9/25/2021,3,5,29
9/26/2021,3,5,17
9/27/2021,3,5,23
9/28/2021,3,5,21
9/29/2021,3,5,29
9/30/2021,3,5,21
10/1/2021,3,5,29
10/2/2021,3,5,21
10/3/2021,3,5,13
10/4/2021,3,5,17
10/5/2021,3,5,19
10/6/2021,3,5,22
10/7/2021,3,5,26
10/8/2021,3,5,15
10/9/2021,3,5,26
10/10/2021,3,5,15
10/11/2021,3,5,26
10/12/2021,3,5,24
10/13/2021,3,5,19
10/14/2021,3,5,22
10/15/2021,3,5,32
10/16/2021,3,5,21
10/17/2021,3,5,16
10/18/2021,3,5,21
10/19/2021,3,5,21
10/20/2021,3,5,25
10/21/2021,3,5,22
10/22/2021,3,5,21
10/23/2021,3,5,31
10/24/2021,3,5,15
10/25/2021,3,5,24
10/26/2021,3,5,20
10/27/2021,3,5,18
10/28/2021,3,5,23
10/29/2021,3,5,25
10/30/2021,3,5,23
10/31/2021,3,5,22
11/1/2021,3,5,28
11/2/2021,3,5,18
11/3/2021,3,5,22
11/4/2021,3,5,23
11/5/2021,3,5,27
11/6/2021,3,5,19
11/7/2021,3,5,20
11/8/2021,3,5,21
11/9/2021,3,5,17
11/10/2021,3,5,20
11/11/2021,3,5,28
11/12/2021,3,5,27
11/13/2021,3,5,33
11/14/2021,3,5,25
11/15/2021,3,5,23
11/16/2021,3,5,29
11/17/2021,3,5,31
11/18/2021,3,5,26
11/19/2021,3,5,23
11/20/2021,3,5,26
11/21/2021,3,5,28
11/22/2021,3,5,35
11/23/2021,3,5,23
11/24/2021,3,5,31
11/25/2021,3,5,28
11/26/2021,3,5,31
11/27/2021,3,5,32
11/28/2021,3,5,15
11/29/2021,3,5,21
11/30/2021,3,5,22
12/1/2021,3,5,17
12/2/2021,3,5,15
12/3/2021,3,5,20
12/4/2021,3,5,25
12/5/2021,3,5,13
12/6/2021,3,5,14
12/7/2021,3,5,16
12/8/2021,3,5,18
12/9/2021,3,5,17
12/10/2021,3,5,16
12/11/2021,3,5,22
12/12/2021,3,5,11
12/13/2021,3,5,17
12/14/2021,3,5,17
12/15/2021,3,5,14
12/16/2021,3,5,23
12/17/2021,3,5,24
12/18/2021,3,5,18
12/19/2021,3,5,8
12/20/2021,3,5,18
12/21/2021,3,5,21
12/22/2021,3,5,13
12/23/2021,3,5,13
12/24/2021,3,5,19
12/25/2021,3,5,12
12/26/2021,3,5,12
12/27/2021,3,5,8
12/28/2021,3,5,12
12/29/2021,3,5,17
12/30/2021,3,5,22
12/31/2021,3,5,15
1/1/2022,3,5,14
1/2/2022,3,5,11
1/3/2022,3,5,14
1/4/2022,3,5,10
1/5/2022,3,5,20
1/6/2022,3,5,18
1/7/2022,3,5,17
1/8/2022,3,5,17
1/9/2022,3,5,12
1/10/2022,3,5,11
1/11/2022,3,5,16
1/12/2022,3,5,15
1/13/2022,3,5,22
1/14/2022,3,5,17
1/15/2022,3,5,26
1/16/2022,3,5,14
1/17/2022,3,5,16
1/18/2022,3,5,18
1/19/2022,3,5,17
1/20/2022,3,5,26
1/21/2022,3,5,20
1/22/2022,3,5,19
1/23/2022,3,5,11
1/24/2022,3,5,19
1/25/2022,3,5,13
1/26/2022,3,5,13
1/27/2022,3,5,25
1/28/2022,3,5,18
1/29/2022,3,5,16
1/30/2022,3,5,16
1/31/2022,3,5,14
2/1/2022,3,5,16
2/2/2022,3,5,22
2/3/2022,3,5,20
2/4/2022,3,5,26
2/5/2022,3,5,21
2/6/2022,3,5,18
2/7/2022,3,5,20
2/8/2022,3,5,12
2/9/2022,3,5,12
2/10/2022,3,5,20
2/11/2022,3,5,15
2/12/2022,3,5,22
2/13/2022,3,5,11
2/14/2022,3,5,20
2/15/2022,3,5,20
2/16/2022,3,5,12
2/17/2022,3,5,21
2/18/2022,3,5,14
2/19/2022,3,5,23
2/20/2022,3,5,13
2/21/2022,3,5,19
2/22/2022,3,5,10
2/23/2022,3,5,15
2/24/2022,3,5,22
2/25/2022,3,5,21
2/26/2022,3,5,19
2/27/2022,3,5,9
2/28/2022,3,5,17
3/1/2022,3,5,17
3/2/2022,3,5,20
3/3/2022,3,5,19
3/4/2022,3,5,22
3/5/2022,3,5,33
3/6/2022,3,5,25
3/7/2022,3,5,14
3/8/2022,3,5,23
3/9/2022,3,5,26
3/10/2022,3,5,22
3/11/2022,3,5,15
3/12/2022,3,5,19
3/13/2022,3,5,15
3/14/2022,3,5,15
3/15/2022,3,5,25
3/16/2022,3,5,19
3/17/2022,3,5,22
3/18/2022,3,5,28
3/19/2022,3,5,23
3/20/2022,3,5,16
3/21/2022,3,5,16
3/22/2022,3,5,23
3/23/2022,3,5,24
3/24/2022,3,5,14
3/25/2022,3,5,24
3/26/2022,3,5,26
3/27/2022,3,5,22
3/28/2022,3,5,23
3/29/2022,3,5,20
3/30/2022,3,5,23
3/31/2022,3,5,19
4/1/2022,3,5,35
4/2/2022,3,5,23
4/3/2022,3,5,13
4/4/2022,3,5,20
4/5/2022,3,5,21
4/6/2022,3,5,27
4/7/2022,3,5,32
4/8/2022,3,5,38
4/9/2022,3,5,28
4/10/2022,3,5,19
4/11/2022,3,5,21
4/12/2022,3,5,20
4/13/2022,3,5,24
4/14/2022,3,5,30
4/15/2022,3,5,34
4/16/2022,3,5,33
4/17/2022,3,5,26
4/18/2022,3,5,22
4/19/2022,3,5,19
4/20/2022,3,5,15
4/21/2022,3,5,16
4/22/2022,3,5,29
4/23/2022,3,5,35
4/24/2022,3,5,17
4/25/2022,3,5,14
4/26/2022,3,5,23
4/27/2022,3,5,26
4/28/2022,3,5,21
4/29/2022,3,5,23
4/30/2022,3,5,27
5/1/2022,3,5,19
5/2/2022,3,5,22
5/3/2022,3,5,30
5/4/2022,3,5,27
5/5/2022,3,5,24
5/6/2022,3,5,30
5/7/2022,3,5,36
5/8/2022,3,5,19
5/9/2022,3,5,9
5/10/2022,3,5,21
5/11/2022,3,5,28
5/12/2022,3,5,23
5/13/2022,3,5,28
5/14/2022,3,5,36
5/15/2022,3,5,24
5/16/2022,3,5,23
5/17/2022,3,5,24
5/18/2022,3,5,25
5/19/2022,3,5,29
5/20/2022,3,5,30
5/21/2022,3,5,42
5/22/2022,3,5,23
5/23/2022,3,5,23
5/24/2022,3,5,24
5/25/2022,3,5,27
5/26/2022,3,5,27
5/27/2022,3,5,32
5/28/2022,3,5,40
5/29/2022,3,5,20
5/30/2022,3,5,26
5/31/2022,3,5,30
6/1/2022,3,5,38
6/2/2022,3,5,36
6/3/2022,3,5,32
6/4/2022,3,5,37
6/5/2022,3,5,29
6/6/2022,3,5,24
6/7/2022,3,5,28
6/8/2022,3,5,34
6/9/2022,3,5,20
6/10/2022,3,5,26
6/11/2022,3,5,32
6/12/2022,3,5,18
6/13/2022,3,5,33
6/14/2022,3,5,27
6/15/2022,3,5,20
6/16/2022,3,5,26
6/17/2022,3,5,35
6/18/2022,3,5,24
6/19/2022,3,5,19
6/20/2022,3,5,26
6/21/2022,3,5,26
6/22/2022,3,5,30
6/23/2022,3,5,36
6/24/2022,3,5,32
6/25/2022,3,5,30
6/26/2022,3,5,32
6/27/2022,3,5,29
6/28/2022,3,5,39
6/29/2022,3,5,24
6/30/2022,3,5,24
7/1/2022,3,5,31
7/2/2022,3,5,40
7/3/2022,3,5,22
7/4/2022,3,5,35
7/5/2022,3,5,22
7/6/2022,3,5,34
7/7/2022,3,5,31
7/8/2022,3,5,37
7/9/2022,3,5,38
7/10/2022,3,5,21
7/11/2022,3,5,25
7/12/2022,3,5,34
7/13/2022,3,5,28
7/14/2022,3,5,35
7/15/2022,3,5,38
7/16/2022,3,5,29
7/17/2022,3,5,21
7/18/2022,3,5,22
7/19/2022,3,5,32
7/20/2022,3,5,38
7/21/2022,3,5,26
7/22/2022,3,5,35
7/23/2022,3,5,39
7/24/2022,3,5,20
7/25/2022,3,5,24
7/26/2022,3,5,25
7/27/2022,3,5,25
7/28/2022,3,5,31
7/29/2022,3,5,37
7/30/2022,3,5,41
7/31/2022,3,5,21
8/1/2022,3,5,30
8/2/2022,3,5,31
8/3/2022,3,5,23
8/4/2022,3,5,24
8/5/2022,3,5,43
8/6/2022,3,5,28
8/7/2022,3,5,8
8/8/2022,3,5,33
8/9/2022,3,5,18
8/10/2022,3,5,32
8/11/2022,3,5,28
8/12/2022,3,5,25
8/13/2022,3,5,29
8/14/2022,3,5,23
8/15/2022,3,5,28
8/16/2022,3,5,27
8/17/2022,3,5,22
8/18/2022,3,5,25
8/19/2022,3,5,29
8/20/2022,3,5,31
8/21/2022,3,5,17
8/22/2022,3,5,18
8/23/2022,3,5,26
8/24/2022,3,5,32
8/25/2022,3,5,26
8/26/2022,3,5,31
8/27/2022,3,5,23
8/28/2022,3,5,23
8/29/2022,3,5,18
8/30/2022,3,5,28
8/31/2022,3,5,28
9/1/2022,3,5,28
9/2/2022,3,5,29
9/3/2022,3,5,36
9/4/2022,3,5,14
9/5/2022,3,5,23
9/6/2022,3,5,16
9/7/2022,3,5,21
9/8/2022,3,5,33
9/9/2022,3,5,41
9/10/2022,3,5,28
9/11/2022,3,5,19
9/12/2022,3,5,29
9/13/2022,3,5,12
9/14/2022,3,5,28
9/15/2022,3,5,25
9/16/2022,3,5,20
9/17/2022,3,5,37
9/18/2022,3,5,12
9/19/2022,3,5,32
9/20/2022,3,5,23
9/21/2022,3,5,26
9/22/2022,3,5,34
9/23/2022,3,5,27
9/24/2022,3,5,43
9/25/2022,3,5,21
9/26/2022,3,5,29
9/27/2022,3,5,18
9/28/2022,3,5,18
9/29/2022,3,5,27
9/30/2022,3,5,24
10/1/2022,3,5,31
10/2/2022,3,5,23
10/3/2022,3,5,19
10/4/2022,3,5,20
10/5/2022,3,5,26
10/6/2022,3,5,23
10/7/2022,3,5,24
10/8/2022,3,5,23
10/9/2022,3,5,18
10/10/2022,3,5,16
10/11/2022,3,5,16
10/12/2022,3,5,18
10/13/2022,3,5,25
10/14/2022,3,5,35
10/15/2022,3,5,30
10/16/2022,3,5,24
10/17/2022,3,5,23
10/18/2022,3,5,32
10/19/2022,3,5,19
10/20/2022,3,5,23
10/21/2022,3,5,27
10/22/2022,3,5,32
10/23/2022,3,5,20
10/24/2022,3,5,25
10/25/2022,3,5,22
10/26/2022,3,5,22
10/27/2022,3,5,19
10/28/2022,3,5,30
10/29/2022,3,5,36
10/30/2022,3,5,20
10/31/2022,3,5,9
11/1/2022,3,5,22
11/2/2022,3,5,20
11/3/2022,3,5,23
11/4/2022,3,5,28
11/5/2022,3,5,30
11/6/2022,3,5,19
11/7/2022,3,5,21
11/8/2022,3,5,27
11/9/2022,3,5,33
11/10/2022,3,5,24
11/11/2022,3,5,26
11/12/2022,3,5,25
11/13/2022,3,5,20
11/14/2022,3,5,22
11/15/2022,3,5,24
11/16/2022,3,5,23
11/17/2022,3,5,20
11/18/2022,3,5,29
11/19/2022,3,5,27
11/20/2022,3,5,15
11/21/2022,3,5,30
11/22/2022,3,5,31
11/23/2022,3,5,16
11/24/2022,3,5,21
11/25/2022,3,5,31
11/26/2022,3,5,25
11/27/2022,3,5,17
11/28/2022,3,5,25
11/29/2022,3,5,27
11/30/2022,3,5,26
12/1/2022,3,5,26
12/2/2022,3,5,26
12/3/2022,3,5,22
12/4/2022,3,5,10
12/5/2022,3,5,20
12/6/2022,3,5,21
12/7/2022,3,5,26
12/8/2022,3,5,27
12/9/2022,3,5,22
12/10/2022,3,5,21
12/11/2022,3,5,20
12/12/2022,3,5,14
12/13/2022,3,5,20
12/14/2022,3,5,19
12/15/2022,3,5,15
12/16/2022,3,5,21
12/17/2022,3,5,18
12/18/2022,3,5,16
12/19/2022,3,5,19
12/20/2022,3,5,20
12/21/2022,3,5,22
12/22/2022,3,5,15
12/23/2022,3,5,23
12/24/2022,3,5,15
12/25/2022,3,5,16
12/26/2022,3,5,24
12/27/2022,3,5,17
12/28/2022,3,5,21
12/29/2022,3,5,24
12/30/2022,3,5,15
12/31/2022,3,5,21
1/1/2018,4,5,10
1/2/2018,4,5,5
1/3/2018,4,5,12
1/4/2018,4,5,7
1/5/2018,4,5,5
1/6/2018,4,5,12
1/7/2018,4,5,12
1/8/2018,4,5,15
1/9/2018,4,5,13
1/10/2018,4,5,14
1/11/2018,4,5,11
1/12/2018,4,5,12
1/13/2018,4,5,17
1/14/2018,4,5,7
1/15/2018,4,5,14
1/16/2018,4,5,8
1/17/2018,4,5,7
1/18/2018,4,5,11
1/19/2018,4,5,9
1/20/2018,4,5,9
1/21/2018,4,5,8
1/22/2018,4,5,17
1/23/2018,4,5,12
1/24/2018,4,5,16
1/25/2018,4,5,11
1/26/2018,4,5,14
1/27/2018,4,5,9
1/28/2018,4,5,7
1/29/2018,4,5,10
1/30/2018,4,5,12
1/31/2018,4,5,7
2/1/2018,4,5,22
2/2/2018,4,5,14
2/3/2018,4,5,18
2/4/2018,4,5,12
2/5/2018,4,5,14
2/6/2018,4,5,7
2/7/2018,4,5,12
2/8/2018,4,5,11
2/9/2018,4,5,14
2/10/2018,4,5,17
2/11/2018,4,5,7
2/12/2018,4,5,9
2/13/2018,4,5,11
2/14/2018,4,5,6
2/15/2018,4,5,16
2/16/2018,4,5,11
2/17/2018,4,5,16
2/18/2018,4,5,7
2/19/2018,4,5,14
2/20/2018,4,5,9
2/21/2018,4,5,8
2/22/2018,4,5,16
2/23/2018,4,5,7
2/24/2018,4,5,13
2/25/2018,4,5,8
2/26/2018,4,5,11
2/27/2018,4,5,18
2/28/2018,4,5,6
3/1/2018,4,5,18
3/2/2018,4,5,16
3/3/2018,4,5,16
3/4/2018,4,5,9
3/5/2018,4,5,7
3/6/2018,4,5,9
3/7/2018,4,5,12
3/8/2018,4,5,16
3/9/2018,4,5,23
3/10/2018,4,5,11
3/11/2018,4,5,12
3/12/2018,4,5,11
3/13/2018,4,5,12
3/14/2018,4,5,17
3/15/2018,4,5,16
3/16/2018,4,5,15
3/17/2018,4,5,22
3/18/2018,4,5,12
3/19/2018,4,5,11
3/20/2018,4,5,9
3/21/2018,4,5,15
3/22/2018,4,5,16
3/23/2018,4,5,25
3/24/2018,4,5,14
3/25/2018,4,5,13
3/26/2018,4,5,10
3/27/2018,4,5,15
3/28/2018,4,5,15
3/29/2018,4,5,13
3/30/2018,4,5,16
3/31/2018,4,5,17
4/1/2018,4,5,7
4/2/2018,4,5,25
4/3/2018,4,5,15
4/4/2018,4,5,15
4/5/2018,4,5,18
4/6/2018,4,5,23
4/7/2018,4,5,19
4/8/2018,4,5,11
4/9/2018,4,5,13
4/10/2018,4,5,7
4/11/2018,4,5,14
4/12/2018,4,5,22
4/13/2018,4,5,23
4/14/2018,4,5,18
4/15/2018,4,5,11
4/16/2018,4,5,26
4/17/2018,4,5,13
4/18/2018,4,5,17
4/19/2018,4,5,16
4/20/2018,4,5,21
4/21/2018,4,5,23
4/22/2018,4,5,15
4/23/2018,4,5,19
4/24/2018,4,5,18
4/25/2018,4,5,16
4/26/2018,4,5,19
4/27/2018,4,5,11
4/28/2018,4,5,22
4/29/2018,4,5,21
4/30/2018,4,5,18
5/1/2018,4,5,21
5/2/2018,4,5,18
5/3/2018,4,5,17
5/4/2018,4,5,19
5/5/2018,4,5,19
5/6/2018,4,5,12
5/7/2018,4,5,13
5/8/2018,4,5,20
5/9/2018,4,5,19
5/10/2018,4,5,12
5/11/2018,4,5,17
5/12/2018,4,5,25
5/13/2018,4,5,12
5/14/2018,4,5,13
5/15/2018,4,5,22
5/16/2018,4,5,12
5/17/2018,4,5,18
5/18/2018,4,5,14
5/19/2018,4,5,26
5/20/2018,4,5,12
5/21/2018,4,5,16
5/22/2018,4,5,15
5/23/2018,4,5,15
5/24/2018,4,5,18
5/25/2018,4,5,29
5/26/2018,4,5,21
5/27/2018,4,5,15
5/28/2018,4,5,18
5/29/2018,4,5,14
5/30/2018,4,5,19
5/31/2018,4,5,15
6/1/2018,4,5,22
6/2/2018,4,5,20
6/3/2018,4,5,14
6/4/2018,4,5,25
6/5/2018,4,5,21
6/6/2018,4,5,17
6/7/2018,4,5,19
6/8/2018,4,5,17
6/9/2018,4,5,22
6/10/2018,4,5,19
6/11/2018,4,5,18
6/12/2018,4,5,22
6/13/2018,4,5,16
6/14/2018,4,5,25
6/15/2018,4,5,20
6/16/2018,4,5,29
6/17/2018,4,5,12
6/18/2018,4,5,20
6/19/2018,4,5,17
6/20/2018,4,5,21
6/21/2018,4,5,16
6/22/2018,4,5,27
6/23/2018,4,5,31
6/24/2018,4,5,10
6/25/2018,4,5,14
6/26/2018,4,5,18
6/27/2018,4,5,22
6/28/2018,4,5,25
6/29/2018,4,5,25
6/30/2018,4,5,19
7/1/2018,4,5,21
7/2/2018,4,5,19
7/3/2018,4,5,28
7/4/2018,4,5,24
7/5/2018,4,5,22
7/6/2018,4,5,23
7/7/2018,4,5,21
7/8/2018,4,5,15
7/9/2018,4,5,16
7/10/2018,4,5,24
7/11/2018,4,5,24
7/12/2018,4,5,23
7/13/2018,4,5,20
7/14/2018,4,5,25
7/15/2018,4,5,20
7/16/2018,4,5,18
7/17/2018,4,5,35
7/18/2018,4,5,22
7/19/2018,4,5,21
7/20/2018,4,5,18
7/21/2018,4,5,30
7/22/2018,4,5,24
7/23/2018,4,5,21
7/24/2018,4,5,22
7/25/2018,4,5,16
7/26/2018,4,5,20
7/27/2018,4,5,19
7/28/2018,4,5,17
7/29/2018,4,5,11
7/30/2018,4,5,13
7/31/2018,4,5,21
8/1/2018,4,5,22
8/2/2018,4,5,21
8/3/2018,4,5,19
8/4/2018,4,5,26
8/5/2018,4,5,17
8/6/2018,4,5,13
8/7/2018,4,5,16
8/8/2018,4,5,18
8/9/2018,4,5,19
8/10/2018,4,5,27
8/11/2018,4,5,17
8/12/2018,4,5,12
8/13/2018,4,5,9
8/14/2018,4,5,19
8/15/2018,4,5,22
8/16/2018,4,5,15
8/17/2018,4,5,17
8/18/2018,4,5,21
8/19/2018,4,5,15
8/20/2018,4,5,22
8/21/2018,4,5,15
8/22/2018,4,5,27
8/23/2018,4,5,20
8/24/2018,4,5,19
8/25/2018,4,5,17
8/26/2018,4,5,18
8/27/2018,4,5,18
8/28/2018,4,5,18
8/29/2018,4,5,21
8/30/2018,4,5,13
8/31/2018,4,5,17
9/1/2018,4,5,20
9/2/2018,4,5,12
9/3/2018,4,5,23
9/4/2018,4,5,13
9/5/2018,4,5,15
9/6/2018,4,5,31
9/7/2018,4,5,18
9/8/2018,4,5,22
9/9/2018,4,5,19
9/10/2018,4,5,16
9/11/2018,4,5,22
9/12/2018,4,5,19
9/13/2018,4,5,15
9/14/2018,4,5,19
9/15/2018,4,5,20
9/16/2018,4,5,9
9/17/2018,4,5,16
9/18/2018,4,5,22
9/19/2018,4,5,21
9/20/2018,4,5,19
9/21/2018,4,5,14
9/22/2018,4,5,22
9/23/2018,4,5,19
9/24/2018,4,5,11
9/25/2018,4,5,15
9/26/2018,4,5,14
9/27/2018,4,5,20
9/28/2018,4,5,23
9/29/2018,4,5,23
9/30/2018,4,5,20
10/1/2018,4,5,17
10/2/2018,4,5,10
10/3/2018,4,5,9
10/4/2018,4,5,22
10/5/2018,4,5,20
10/6/2018,4,5,15
10/7/2018,4,5,11
10/8/2018,4,5,14
10/9/2018,4,5,11
10/10/2018,4,5,13
10/11/2018,4,5,13
10/12/2018,4,5,21
10/13/2018,4,5,12
10/14/2018,4,5,14
10/15/2018,4,5,20
10/16/2018,4,5,17
10/17/2018,4,5,10
10/18/2018,4,5,17
10/19/2018,4,5,11
10/20/2018,4,5,16
10/21/2018,4,5,10
10/22/2018,4,5,16
10/23/2018,4,5,15
10/24/2018,4,5,18
10/25/2018,4,5,13
10/26/2018,4,5,10
10/27/2018,4,5,20
10/28/2018,4,5,13
10/29/2018,4,5,18
10/30/2018,4,5,16
10/31/2018,4,5,17
11/1/2018,4,5,17
11/2/2018,4,5,24
11/3/2018,4,5,20
11/4/2018,4,5,15
11/5/2018,4,5,19
11/6/2018,4,5,14
11/7/2018,4,5,21
11/8/2018,4,5,19
11/9/2018,4,5,12
11/10/2018,4,5,29
11/11/2018,4,5,17
11/12/2018,4,5,17
11/13/2018,4,5,24
11/14/2018,4,5,9
11/15/2018,4,5,15
11/16/2018,4,5,12
11/17/2018,4,5,32
11/18/2018,4,5,11
11/19/2018,4,5,19
11/20/2018,4,5,11
11/21/2018,4,5,18
11/22/2018,4,5,19
11/23/2018,4,5,15
11/24/2018,4,5,26
11/25/2018,4,5,7
11/26/2018,4,5,14
11/27/2018,4,5,21
11/28/2018,4,5,17
11/29/2018,4,5,17
11/30/2018,4,5,21
12/1/2018,4,5,9
12/2/2018,4,5,13
12/3/2018,4,5,10
12/4/2018,4,5,14
12/5/2018,4,5,7
12/6/2018,4,5,17
12/7/2018,4,5,15
12/8/2018,4,5,14
12/9/2018,4,5,5
12/10/2018,4,5,18
12/11/2018,4,5,11
12/12/2018,4,5,11
12/13/2018,4,5,10
12/14/2018,4,5,15
12/15/2018,4,5,18
12/16/2018,4,5,9
12/17/2018,4,5,6
12/18/2018,4,5,11
12/19/2018,4,5,11
12/20/2018,4,5,11
12/21/2018,4,5,13
12/22/2018,4,5,16
12/23/2018,4,5,12
12/24/2018,4,5,12
12/25/2018,4,5,5
12/26/2018,4,5,9
12/27/2018,4,5,8
12/28/2018,4,5,14
12/29/2018,4,5,11
12/30/2018,4,5,4
12/31/2018,4,5,12
1/1/2019,4,5,9
1/2/2019,4,5,17
1/3/2019,4,5,13
1/4/2019,4,5,14
1/5/2019,4,5,9
1/6/2019,4,5,15
1/7/2019,4,5,9
1/8/2019,4,5,9
1/9/2019,4,5,11
1/10/2019,4,5,19
1/11/2019,4,5,11
1/12/2019,4,5,17
1/13/2019,4,5,7
1/14/2019,4,5,19
1/15/2019,4,5,14
1/16/2019,4,5,21
1/17/2019,4,5,8
1/18/2019,4,5,12
1/19/2019,4,5,22
1/20/2019,4,5,7
1/21/2019,4,5,11
1/22/2019,4,5,14
1/23/2019,4,5,15
1/24/2019,4,5,15
1/25/2019,4,5,14
1/26/2019,4,5,15
1/27/2019,4,5,9
1/28/2019,4,5,17
1/29/2019,4,5,11
1/30/2019,4,5,11
1/31/2019,4,5,11
2/1/2019,4,5,16
2/2/2019,4,5,10
2/3/2019,4,5,15
2/4/2019,4,5,14
2/5/2019,4,5,17
2/6/2019,4,5,17
2/7/2019,4,5,17
2/8/2019,4,5,12
2/9/2019,4,5,13
2/10/2019,4,5,12
2/11/2019,4,5,10
2/12/2019,4,5,10
2/13/2019,4,5,14
2/14/2019,4,5,17
2/15/2019,4,5,11
2/16/2019,4,5,12
2/17/2019,4,5,15
2/18/2019,4,5,14
2/19/2019,4,5,16
2/20/2019,4,5,16
2/21/2019,4,5,12
2/22/2019,4,5,16
2/23/2019,4,5,21
2/24/2019,4,5,8
2/25/2019,4,5,10
2/26/2019,4,5,11
2/27/2019,4,5,19
2/28/2019,4,5,11
3/1/2019,4,5,18
3/2/2019,4,5,20
3/3/2019,4,5,9
3/4/2019,4,5,9
3/5/2019,4,5,18
3/6/2019,4,5,14
3/7/2019,4,5,16
3/8/2019,4,5,14
3/9/2019,4,5,19
3/10/2019,4,5,16
3/11/2019,4,5,18
3/12/2019,4,5,10
3/13/2019,4,5,13
3/14/2019,4,5,21
3/15/2019,4,5,28
3/16/2019,4,5,26
3/17/2019,4,5,13
3/18/2019,4,5,15
3/19/2019,4,5,12
3/20/2019,4,5,10
3/21/2019,4,5,10
3/22/2019,4,5,11
3/23/2019,4,5,21
3/24/2019,4,5,15
3/25/2019,4,5,18
3/26/2019,4,5,11
3/27/2019,4,5,20
3/28/2019,4,5,23
3/29/2019,4,5,16
3/30/2019,4,5,13
3/31/2019,4,5,13
4/1/2019,4,5,12
4/2/2019,4,5,17
4/3/2019,4,5,17
4/4/2019,4,5,17
4/5/2019,4,5,24
4/6/2019,4,5,28
4/7/2019,4,5,15
4/8/2019,4,5,19
4/9/2019,4,5,12
4/10/2019,4,5,17
4/11/2019,4,5,21
4/12/2019,4,5,19
4/13/2019,4,5,24
4/14/2019,4,5,13
4/15/2019,4,5,20
4/16/2019,4,5,15
4/17/2019,4,5,19
4/18/2019,4,5,17
4/19/2019,4,5,26
4/20/2019,4,5,16
4/21/2019,4,5,14
4/22/2019,4,5,19
4/23/2019,4,5,18
4/24/2019,4,5,17
4/25/2019,4,5,18
4/26/2019,4,5,18
4/27/2019,4,5,19
4/28/2019,4,5,21
4/29/2019,4,5,15
4/30/2019,4,5,14
5/1/2019,4,5,26
5/2/2019,4,5,17
5/3/2019,4,5,24
5/4/2019,4,5,29
5/5/2019,4,5,13
5/6/2019,4,5,12
5/7/2019,4,5,18
5/8/2019,4,5,15
5/9/2019,4,5,16
5/10/2019,4,5,24
5/11/2019,4,5,22
5/12/2019,4,5,16
5/13/2019,4,5,24
5/14/2019,4,5,24
5/15/2019,4,5,20
5/16/2019,4,5,24
5/17/2019,4,5,23
5/18/2019,4,5,21
5/19/2019,4,5,18
5/20/2019,4,5,13
5/21/2019,4,5,28
5/22/2019,4,5,18
5/23/2019,4,5,28
5/24/2019,4,5,28
5/25/2019,4,5,27
5/26/2019,4,5,24
5/27/2019,4,5,23
5/28/2019,4,5,19
5/29/2019,4,5,14
5/30/2019,4,5,24
5/31/2019,4,5,34
6/1/2019,4,5,39
6/2/2019,4,5,14
6/3/2019,4,5,24
6/4/2019,4,5,31
6/5/2019,4,5,18
6/6/2019,4,5,23
6/7/2019,4,5,25
6/8/2019,4,5,20
6/9/2019,4,5,23
6/10/2019,4,5,20
6/11/2019,4,5,24
6/12/2019,4,5,26
6/13/2019,4,5,29
6/14/2019,4,5,29
6/15/2019,4,5,29
6/16/2019,4,5,23
6/17/2019,4,5,17
6/18/2019,4,5,23
6/19/2019,4,5,26
6/20/2019,4,5,36
6/21/2019,4,5,30
6/22/2019,4,5,17
6/23/2019,4,5,24
6/24/2019,4,5,25
6/25/2019,4,5,21
6/26/2019,4,5,19
6/27/2019,4,5,29
6/28/2019,4,5,29
6/29/2019,4,5,25
6/30/2019,4,5,17
7/1/2019,4,5,15
7/2/2019,4,5,27
7/3/2019,4,5,33
7/4/2019,4,5,27
7/5/2019,4,5,28
7/6/2019,4,5,29
7/7/2019,4,5,18
7/8/2019,4,5,22
7/9/2019,4,5,18
7/10/2019,4,5,29
7/11/2019,4,5,30
7/12/2019,4,5,34
7/13/2019,4,5,39
7/14/2019,4,5,19
7/15/2019,4,5,24
7/16/2019,4,5,24
7/17/2019,4,5,22
7/18/2019,4,5,19
7/19/2019,4,5,27
7/20/2019,4,5,35
7/21/2019,4,5,20
7/22/2019,4,5,22
7/23/2019,4,5,14
7/24/2019,4,5,26
7/25/2019,4,5,28
7/26/2019,4,5,28
7/27/2019,4,5,35
7/28/2019,4,5,11
7/29/2019,4,5,19
7/30/2019,4,5,27
7/31/2019,4,5,33
8/1/2019,4,5,22
8/2/2019,4,5,31
8/3/2019,4,5,28
8/4/2019,4,5,19
8/5/2019,4,5,15
8/6/2019,4,5,20
8/7/2019,4,5,27
8/8/2019,4,5,19
8/9/2019,4,5,25
8/10/2019,4,5,24
8/11/2019,4,5,17
8/12/2019,4,5,15
8/13/2019,4,5,20
8/14/2019,4,5,20
8/15/2019,4,5,23
8/16/2019,4,5,28
8/17/2019,4,5,34
8/18/2019,4,5,16
8/19/2019,4,5,17
8/20/2019,4,5,20
8/21/2019,4,5,23
8/22/2019,4,5,30
8/23/2019,4,5,19
8/24/2019,4,5,19
8/25/2019,4,5,16
8/26/2019,4,5,19
8/27/2019,4,5,25
8/28/2019,4,5,19
8/29/2019,4,5,22
8/30/2019,4,5,21
8/31/2019,4,5,20
9/1/2019,4,5,17
9/2/2019,4,5,17
9/3/2019,4,5,16
9/4/2019,4,5,20
9/5/2019,4,5,27
9/6/2019,4,5,25
9/7/2019,4,5,22
9/8/2019,4,5,13
9/9/2019,4,5,18
9/10/2019,4,5,14
9/11/2019,4,5,17
9/12/2019,4,5,19
9/13/2019,4,5,27
9/14/2019,4,5,18
9/15/2019,4,5,19
9/16/2019,4,5,20
9/17/2019,4,5,17
9/18/2019,4,5,17
9/19/2019,4,5,18
9/20/2019,4,5,26
9/21/2019,4,5,25
9/22/2019,4,5,19
9/23/2019,4,5,19
9/24/2019,4,5,18
9/25/2019,4,5,19
9/26/2019,4,5,21
9/27/2019,4,5,25
9/28/2019,4,5,22
9/29/2019,4,5,24
9/30/2019,4,5,22
10/1/2019,4,5,12
10/2/2019,4,5,22
10/3/2019,4,5,19
10/4/2019,4,5,19
10/5/2019,4,5,18
10/6/2019,4,5,11
10/7/2019,4,5,18
10/8/2019,4,5,20
10/9/2019,4,5,11
10/10/2019,4,5,20
10/11/2019,4,5,16
10/12/2019,4,5,17
10/13/2019,4,5,14
10/14/2019,4,5,12
10/15/2019,4,5,12
10/16/2019,4,5,12
10/17/2019,4,5,21
10/18/2019,4,5,15
10/19/2019,4,5,25
10/20/2019,4,5,14
10/21/2019,4,5,23
10/22/2019,4,5,16
10/23/2019,4,5,17
10/24/2019,4,5,24
10/25/2019,4,5,23
10/26/2019,4,5,24
10/27/2019,4,5,12
10/28/2019,4,5,16
10/29/2019,4,5,20
10/30/2019,4,5,20
10/31/2019,4,5,21
11/1/2019,4,5,24
11/2/2019,4,5,17
11/3/2019,4,5,21
11/4/2019,4,5,15
11/5/2019,4,5,16
11/6/2019,4,5,20
11/7/2019,4,5,15
11/8/2019,4,5,20
11/9/2019,4,5,25
11/10/2019,4,5,10
11/11/2019,4,5,15
11/12/2019,4,5,26
11/13/2019,4,5,15
11/14/2019,4,5,19
11/15/2019,4,5,23
11/16/2019,4,5,20
11/17/2019,4,5,10
11/18/2019,4,5,17
11/19/2019,4,5,17
11/20/2019,4,5,21
11/21/2019,4,5,22
11/22/2019,4,5,17
11/23/2019,4,5,16
11/24/2019,4,5,20
11/25/2019,4,5,19
11/26/2019,4,5,18
11/27/2019,4,5,22
11/28/2019,4,5,15
11/29/2019,4,5,22
11/30/2019,4,5,22
12/1/2019,4,5,7
12/2/2019,4,5,13
12/3/2019,4,5,12
12/4/2019,4,5,21
12/5/2019,4,5,20
12/6/2019,4,5,11
12/7/2019,4,5,17
12/8/2019,4,5,14
12/9/2019,4,5,12
12/10/2019,4,5,8
12/11/2019,4,5,11
12/12/2019,4,5,15
12/13/2019,4,5,19
12/14/2019,4,5,16
12/15/2019,4,5,11
12/16/2019,4,5,16
12/17/2019,4,5,16
12/18/2019,4,5,18
12/19/2019,4,5,22
12/20/2019,4,5,15
12/21/2019,4,5,16
12/22/2019,4,5,10
12/23/2019,4,5,15
12/24/2019,4,5,13
12/25/2019,4,5,19
12/26/2019,4,5,11
12/27/2019,4,5,15
12/28/2019,4,5,17
12/29/2019,4,5,10
12/30/2019,4,5,17
12/31/2019,4,5,14
1/1/2020,4,5,12
1/2/2020,4,5,20
1/3/2020,4,5,15
1/4/2020,4,5,21
1/5/2020,4,5,14
1/6/2020,4,5,18
1/7/2020,4,5,12
1/8/2020,4,5,14
1/9/2020,4,5,21
1/10/2020,4,5,18
1/11/2020,4,5,24
1/12/2020,4,5,8
1/13/2020,4,5,16
1/14/2020,4,5,12
1/15/2020,4,5,16
1/16/2020,4,5,8
1/17/2020,4,5,17
1/18/2020,4,5,15
1/19/2020,4,5,10
1/20/2020,4,5,14
1/21/2020,4,5,11
1/22/2020,4,5,12
1/23/2020,4,5,17
1/24/2020,4,5,12
1/25/2020,4,5,12
1/26/2020,4,5,17
1/27/2020,4,5,10
1/28/2020,4,5,14
1/29/2020,4,5,19
1/30/2020,4,5,11
1/31/2020,4,5,10
2/1/2020,4,5,17
2/2/2020,4,5,10
2/3/2020,4,5,15
2/4/2020,4,5,15
2/5/2020,4,5,10
2/6/2020,4,5,17
2/7/2020,4,5,9
2/8/2020,4,5,19
2/9/2020,4,5,16
2/10/2020,4,5,18
2/11/2020,4,5,11
2/12/2020,4,5,18
2/13/2020,4,5,7
2/14/2020,4,5,18
2/15/2020,4,5,22
2/16/2020,4,5,14
2/17/2020,4,5,11
2/18/2020,4,5,15
2/19/2020,4,5,14
2/20/2020,4,5,16
2/21/2020,4,5,13
2/22/2020,4,5,14
2/23/2020,4,5,10
2/24/2020,4,5,17
2/25/2020,4,5,16
2/26/2020,4,5,13
2/27/2020,4,5,17
2/28/2020,4,5,16
3/1/2020,4,5,29
3/2/2020,4,5,18
3/3/2020,4,5,15
3/4/2020,4,5,20
3/5/2020,4,5,10
3/6/2020,4,5,25
3/7/2020,4,5,16
3/8/2020,4,5,27
3/9/2020,4,5,16
3/10/2020,4,5,11
3/11/2020,4,5,14
3/12/2020,4,5,14
3/13/2020,4,5,17
3/14/2020,4,5,24
3/15/2020,4,5,13
3/16/2020,4,5,9
3/17/2020,4,5,17
3/18/2020,4,5,12
3/19/2020,4,5,15
3/20/2020,4,5,20
3/21/2020,4,5,24
3/22/2020,4,5,18
3/23/2020,4,5,6
3/24/2020,4,5,12
3/25/2020,4,5,14
3/26/2020,4,5,19
3/27/2020,4,5,20
3/28/2020,4,5,19
3/29/2020,4,5,18
3/30/2020,4,5,17
3/31/2020,4,5,25
4/1/2020,4,5,28
4/2/2020,4,5,11
4/3/2020,4,5,21
4/4/2020,4,5,19
4/5/2020,4,5,17
4/6/2020,4,5,16
4/7/2020,4,5,10
4/8/2020,4,5,11
4/9/2020,4,5,18
4/10/2020,4,5,25
4/11/2020,4,5,34
4/12/2020,4,5,20
4/13/2020,4,5,25
4/14/2020,4,5,25
4/15/2020,4,5,23
4/16/2020,4,5,13
4/17/2020,4,5,22
4/18/2020,4,5,30
4/19/2020,4,5,20
4/20/2020,4,5,18
4/21/2020,4,5,22
4/22/2020,4,5,21
4/23/2020,4,5,15
4/24/2020,4,5,23
4/25/2020,4,5,13
4/26/2020,4,5,29
4/27/2020,4,5,18
4/28/2020,4,5,24
4/29/2020,4,5,17
4/30/2020,4,5,26
5/1/2020,4,5,21
5/2/2020,4,5,23
5/3/2020,4,5,31
5/4/2020,4,5,18
5/5/2020,4,5,22
5/6/2020,4,5,18
5/7/2020,4,5,25
5/8/2020,4,5,29
5/9/2020,4,5,22
5/10/2020,4,5,27
5/11/2020,4,5,18
5/12/2020,4,5,17
5/13/2020,4,5,24
5/14/2020,4,5,17
5/15/2020,4,5,14
5/16/2020,4,5,18
5/17/2020,4,5,36
5/18/2020,4,5,19
5/19/2020,4,5,26
5/20/2020,4,5,20
5/21/2020,4,5,24
5/22/2020,4,5,31
5/23/2020,4,5,28
5/24/2020,4,5,31
5/25/2020,4,5,24
5/26/2020,4,5,23
5/27/2020,4,5,23
5/28/2020,4,5,22
5/29/2020,4,5,34
5/30/2020,4,5,16
5/31/2020,4,5,29
6/1/2020,4,5,14
6/2/2020,4,5,22
6/3/2020,4,5,25
6/4/2020,4,5,24
6/5/2020,4,5,18
6/6/2020,4,5,32
6/7/2020,4,5,26
6/8/2020,4,5,18
6/9/2020,4,5,21
6/10/2020,4,5,12
6/11/2020,4,5,25
6/12/2020,4,5,26
6/13/2020,4,5,28
6/14/2020,4,5,34
6/15/2020,4,5,16
6/16/2020,4,5,25
6/17/2020,4,5,13
6/18/2020,4,5,24
6/19/2020,4,5,27
6/20/2020,4,5,29
6/21/2020,4,5,32
6/22/2020,4,5,17
6/23/2020,4,5,27
6/24/2020,4,5,13
6/25/2020,4,5,29
6/26/2020,4,5,34
6/27/2020,4,5,23
6/28/2020,4,5,28
6/29/2020,4,5,24
6/30/2020,4,5,23
7/1/2020,4,5,19
7/2/2020,4,5,30
7/3/2020,4,5,21
7/4/2020,4,5,30
7/5/2020,4,5,28
7/6/2020,4,5,21
7/7/2020,4,5,30
7/8/2020,4,5,15
7/9/2020,4,5,19
7/10/2020,4,5,18
7/11/2020,4,5,33
7/12/2020,4,5,32
7/13/2020,4,5,18
7/14/2020,4,5,31
7/15/2020,4,5,19
7/16/2020,4,5,21
7/17/2020,4,5,29
7/18/2020,4,5,31
7/19/2020,4,5,22
7/20/2020,4,5,15
7/21/2020,4,5,28
7/22/2020,4,5,36
7/23/2020,4,5,34
7/24/2020,4,5,22
7/25/2020,4,5,27
7/26/2020,4,5,29
7/27/2020,4,5,15
7/28/2020,4,5,17
7/29/2020,4,5,26
7/30/2020,4,5,17
7/31/2020,4,5,32
8/1/2020,4,5,20
8/2/2020,4,5,25
8/3/2020,4,5,28
8/4/2020,4,5,22
8/5/2020,4,5,21
8/6/2020,4,5,30
8/7/2020,4,5,21
8/8/2020,4,5,34
8/9/2020,4,5,26
8/10/2020,4,5,19
8/11/2020,4,5,17
8/12/2020,4,5,28
8/13/2020,4,5,25
8/14/2020,4,5,24
8/15/2020,4,5,18
8/16/2020,4,5,36
8/17/2020,4,5,18
8/18/2020,4,5,21
8/19/2020,4,5,25
8/20/2020,4,5,24
8/21/2020,4,5,17
8/22/2020,4,5,19
8/23/2020,4,5,24
8/24/2020,4,5,20
8/25/2020,4,5,19
8/26/2020,4,5,17
8/27/2020,4,5,23
8/28/2020,4,5,24
8/29/2020,4,5,23
8/30/2020,4,5,29
8/31/2020,4,5,14
9/1/2020,4,5,14
9/2/2020,4,5,19
9/3/2020,4,5,17
9/4/2020,4,5,25
9/5/2020,4,5,18
9/6/2020,4,5,25
9/7/2020,4,5,11
9/8/2020,4,5,14
9/9/2020,4,5,21
9/10/2020,4,5,24
9/11/2020,4,5,22
9/12/2020,4,5,27
9/13/2020,4,5,24
9/14/2020,4,5,14
9/15/2020,4,5,23
9/16/2020,4,5,17
9/17/2020,4,5,16
9/18/2020,4,5,15
9/19/2020,4,5,26
9/20/2020,4,5,16
9/21/2020,4,5,20
9/22/2020,4,5,13
9/23/2020,4,5,29
9/24/2020,4,5,15
9/25/2020,4,5,27
9/26/2020,4,5,29
9/27/2020,4,5,22
9/28/2020,4,5,18
9/29/2020,4,5,19
9/30/2020,4,5,23
10/1/2020,4,5,22
10/2/2020,4,5,21
10/3/2020,4,5,16
10/4/2020,4,5,17
10/5/2020,4,5,11
10/6/2020,4,5,15
10/7/2020,4,5,21
10/8/2020,4,5,19
10/9/2020,4,5,23
10/10/2020,4,5,16
10/11/2020,4,5,26
10/12/2020,4,5,16
10/13/2020,4,5,22
10/14/2020,4,5,10
10/15/2020,4,5,30
10/16/2020,4,5,17
10/17/2020,4,5,18
10/18/2020,4,5,12
10/19/2020,4,5,17
10/20/2020,4,5,19
10/21/2020,4,5,19
10/22/2020,4,5,20
10/23/2020,4,5,22
10/24/2020,4,5,21
10/25/2020,4,5,24
10/26/2020,4,5,17
10/27/2020,4,5,16
10/28/2020,4,5,14
10/29/2020,4,5,17
10/30/2020,4,5,16
10/31/2020,4,5,24
11/1/2020,4,5,25
11/2/2020,4,5,13
11/3/2020,4,5,21
11/4/2020,4,5,18
11/5/2020,4,5,21
11/6/2020,4,5,26
11/7/2020,4,5,31
11/8/2020,4,5,26
11/9/2020,4,5,11
11/10/2020,4,5,13
11/11/2020,4,5,22
11/12/2020,4,5,19
11/13/2020,4,5,18
11/14/2020,4,5,32
11/15/2020,4,5,28
11/16/2020,4,5,22
11/17/2020,4,5,22
11/18/2020,4,5,14
11/19/2020,4,5,20
11/20/2020,4,5,24
11/21/2020,4,5,23
11/22/2020,4,5,27
11/23/2020,4,5,18
11/24/2020,4,5,14
11/25/2020,4,5,19
11/26/2020,4,5,15
11/27/2020,4,5,20
11/28/2020,4,5,15
11/29/2020,4,5,29
11/30/2020,4,5,16
12/1/2020,4,5,17
12/2/2020,4,5,10
12/3/2020,4,5,16
12/4/2020,4,5,16
12/5/2020,4,5,17
12/6/2020,4,5,17
12/7/2020,4,5,7
12/8/2020,4,5,19
12/9/2020,4,5,16
12/10/2020,4,5,13
12/11/2020,4,5,25
12/12/2020,4,5,17
12/13/2020,4,5,20
12/14/2020,4,5,11
12/15/2020,4,5,14
12/16/2020,4,5,12
12/17/2020,4,5,15
12/18/2020,4,5,14
12/19/2020,4,5,13
12/20/2020,4,5,19
12/21/2020,4,5,12
12/22/2020,4,5,13
12/23/2020,4,5,13
12/24/2020,4,5,9
12/25/2020,4,5,12
12/26/2020,4,5,24
12/27/2020,4,5,12
12/28/2020,4,5,9
12/29/2020,4,5,5
12/30/2020,4,5,13
12/31/2020,4,5,19
1/1/2021,4,5,9
1/2/2021,4,5,12
1/3/2021,4,5,20
1/4/2021,4,5,15
1/5/2021,4,5,11
1/6/2021,4,5,12
1/7/2021,4,5,12
1/8/2021,4,5,9
1/9/2021,4,5,18
1/10/2021,4,5,17
1/11/2021,4,5,15
1/12/2021,4,5,11
1/13/2021,4,5,18
1/14/2021,4,5,17
1/15/2021,4,5,9
1/16/2021,4,5,16
1/17/2021,4,5,16
1/18/2021,4,5,16
1/19/2021,4,5,18
1/20/2021,4,5,13
1/21/2021,4,5,14
1/22/2021,4,5,9
1/23/2021,4,5,14
1/24/2021,4,5,24
1/25/2021,4,5,16
1/26/2021,4,5,19
1/27/2021,4,5,15
1/28/2021,4,5,11
1/29/2021,4,5,13
1/30/2021,4,5,17
1/31/2021,4,5,17
2/1/2021,4,5,12
2/2/2021,4,5,19
2/3/2021,4,5,19
2/4/2021,4,5,24
2/5/2021,4,5,17
2/6/2021,4,5,18
2/7/2021,4,5,21
2/8/2021,4,5,16
2/9/2021,4,5,19
2/10/2021,4,5,18
2/11/2021,4,5,18
2/12/2021,4,5,12
2/13/2021,4,5,20
2/14/2021,4,5,17
2/15/2021,4,5,14
2/16/2021,4,5,14
2/17/2021,4,5,18
2/18/2021,4,5,17
2/19/2021,4,5,16
2/20/2021,4,5,19
2/21/2021,4,5,21
2/22/2021,4,5,6
2/23/2021,4,5,14
2/24/2021,4,5,15
2/25/2021,4,5,9
2/26/2021,4,5,25
2/27/2021,4,5,27
2/28/2021,4,5,18
2/29/2021,4,5,6
3/1/2021,4,5,14
3/2/2021,4,5,16
3/3/2021,4,5,17
3/4/2021,4,5,14
3/5/2021,4,5,25
3/6/2021,4,5,26
3/7/2021,4,5,17
3/8/2021,4,5,14
3/9/2021,4,5,26
3/10/2021,4,5,21
3/11/2021,4,5,25
3/12/2021,4,5,26
3/13/2021,4,5,23
3/14/2021,4,5,19
3/15/2021,4,5,18
3/16/2021,4,5,16
3/17/2021,4,5,21
3/18/2021,4,5,15
3/19/2021,4,5,17
3/20/2021,4,5,13
3/21/2021,4,5,11
3/22/2021,4,5,17
3/23/2021,4,5,22
3/24/2021,4,5,18
3/25/2021,4,5,14
3/26/2021,4,5,17
3/27/2021,4,5,25
3/28/2021,4,5,19
3/29/2021,4,5,18
3/30/2021,4,5,19
3/31/2021,4,5,27
4/1/2021,4,5,27
4/2/2021,4,5,21
4/3/2021,4,5,25
4/4/2021,4,5,22
4/5/2021,4,5,19
4/6/2021,4,5,27
4/7/2021,4,5,27
4/8/2021,4,5,22
4/9/2021,4,5,27
4/10/2021,4,5,23
4/11/2021,4,5,14
4/12/2021,4,5,26
4/13/2021,4,5,26
4/14/2021,4,5,31
4/15/2021,4,5,30
4/16/2021,4,5,22
4/17/2021,4,5,27
4/18/2021,4,5,20
4/19/2021,4,5,24
4/20/2021,4,5,18
4/21/2021,4,5,27
4/22/2021,4,5,25
4/23/2021,4,5,21
4/24/2021,4,5,29
4/25/2021,4,5,18
4/26/2021,4,5,26
4/27/2021,4,5,19
4/28/2021,4,5,24
4/29/2021,4,5,23
4/30/2021,4,5,28
5/1/2021,4,5,27
5/2/2021,4,5,28
5/3/2021,4,5,19
5/4/2021,4,5,16
5/5/2021,4,5,17
5/6/2021,4,5,31
5/7/2021,4,5,29
5/8/2021,4,5,29
5/9/2021,4,5,17
5/10/2021,4,5,17
5/11/2021,4,5,21
5/12/2021,4,5,30
5/13/2021,4,5,29
5/14/2021,4,5,21
5/15/2021,4,5,26
5/16/2021,4,5,19
5/17/2021,4,5,22
5/18/2021,4,5,22
5/19/2021,4,5,18
5/20/2021,4,5,29
5/21/2021,4,5,28
5/22/2021,4,5,31
5/23/2021,4,5,17
5/24/2021,4,5,27
5/25/2021,4,5,19
5/26/2021,4,5,26
5/27/2021,4,5,26
5/28/2021,4,5,22
5/29/2021,4,5,27
5/30/2021,4,5,10
5/31/2021,4,5,23
6/1/2021,4,5,16
6/2/2021,4,5,25
6/3/2021,4,5,31
6/4/2021,4,5,30
6/5/2021,4,5,26
6/6/2021,4,5,16
6/7/2021,4,5,21
6/8/2021,4,5,27
6/9/2021,4,5,28
6/10/2021,4,5,22
6/11/2021,4,5,32
6/12/2021,4,5,34
6/13/2021,4,5,23
6/14/2021,4,5,19
6/15/2021,4,5,17
6/16/2021,4,5,30
6/17/2021,4,5,36
6/18/2021,4,5,28
6/19/2021,4,5,32
6/20/2021,4,5,26
6/21/2021,4,5,22
6/22/2021,4,5,18
6/23/2021,4,5,30
6/24/2021,4,5,25
6/25/2021,4,5,27
6/26/2021,4,5,24
6/27/2021,4,5,15
6/28/2021,4,5,27
6/29/2021,4,5,30
6/30/2021,4,5,20
7/1/2021,4,5,28
7/2/2021,4,5,39
7/3/2021,4,5,43
7/4/2021,4,5,27
7/5/2021,4,5,17
7/6/2021,4,5,28
7/7/2021,4,5,26
7/8/2021,4,5,36
7/9/2021,4,5,37
7/10/2021,4,5,34
7/11/2021,4,5,10
7/12/2021,4,5,29
7/13/2021,4,5,30
7/14/2021,4,5,29
7/15/2021,4,5,32
7/16/2021,4,5,28
7/17/2021,4,5,28
7/18/2021,4,5,26
7/19/2021,4,5,42
7/20/2021,4,5,28
7/21/2021,4,5,29
7/22/2021,4,5,23
7/23/2021,4,5,39
7/24/2021,4,5,34
7/25/2021,4,5,17
7/26/2021,4,5,39
7/27/2021,4,5,26
7/28/2021,4,5,28
7/29/2021,4,5,33
7/30/2021,4,5,24
7/31/2021,4,5,22
8/1/2021,4,5,19
8/2/2021,4,5,16
8/3/2021,4,5,20
8/4/2021,4,5,27
8/5/2021,4,5,23
8/6/2021,4,5,29
8/7/2021,4,5,33
8/8/2021,4,5,18
8/9/2021,4,5,27
8/10/2021,4,5,27
8/11/2021,4,5,20
8/12/2021,4,5,27
8/13/2021,4,5,29
8/14/2021,4,5,31
8/15/2021,4,5,12
8/16/2021,4,5,23
8/17/2021,4,5,17
8/18/2021,4,5,24
8/19/2021,4,5,30
8/20/2021,4,5,33
8/21/2021,4,5,28
8/22/2021,4,5,16
8/23/2021,4,5,21
8/24/2021,4,5,20
8/25/2021,4,5,26
8/26/2021,4,5,29
8/27/2021,4,5,27
8/28/2021,4,5,28
8/29/2021,4,5,18
8/30/2021,4,5,16
8/31/2021,4,5,28
9/1/2021,4,5,23
9/2/2021,4,5,30
9/3/2021,4,5,29
9/4/2021,4,5,25
9/5/2021,4,5,18
9/6/2021,4,5,14
9/7/2021,4,5,20
9/8/2021,4,5,29
9/9/2021,4,5,18
9/10/2021,4,5,22
9/11/2021,4,5,21
9/12/2021,4,5,22
9/13/2021,4,5,17
9/14/2021,4,5,24
9/15/2021,4,5,19
9/16/2021,4,5,30
9/17/2021,4,5,32
9/18/2021,4,5,35
9/19/2021,4,5,19
9/20/2021,4,5,23
9/21/2021,4,5,24
9/22/2021,4,5,22
9/23/2021,4,5,36
9/24/2021,4,5,36
9/25/2021,4,5,25
9/26/2021,4,5,14
9/27/2021,4,5,17
9/28/2021,4,5,10
9/29/2021,4,5,23
9/30/2021,4,5,22
10/1/2021,4,5,22
10/2/2021,4,5,22
10/3/2021,4,5,17
10/4/2021,4,5,16
10/5/2021,4,5,24
10/6/2021,4,5,15
10/7/2021,4,5,22
10/8/2021,4,5,22
10/9/2021,4,5,17
10/10/2021,4,5,10
10/11/2021,4,5,19
10/12/2021,4,5,12
10/13/2021,4,5,22
10/14/2021,4,5,34
10/15/2021,4,5,23
10/16/2021,4,5,32
10/17/2021,4,5,11
10/18/2021,4,5,24
10/19/2021,4,5,18
10/20/2021,4,5,23
10/21/2021,4,5,25
10/22/2021,4,5,23
10/23/2021,4,5,23
10/24/2021,4,5,15
10/25/2021,4,5,10
10/26/2021,4,5,15
10/27/2021,4,5,14
10/28/2021,4,5,24
10/29/2021,4,5,21
10/30/2021,4,5,29
10/31/2021,4,5,8
11/1/2021,4,5,20
11/2/2021,4,5,12
11/3/2021,4,5,23
11/4/2021,4,5,26
11/5/2021,4,5,17
11/6/2021,4,5,32
11/7/2021,4,5,19
11/8/2021,4,5,23
11/9/2021,4,5,14
11/10/2021,4,5,20
11/11/2021,4,5,26
11/12/2021,4,5,23
11/13/2021,4,5,36
11/14/2021,4,5,20
11/15/2021,4,5,16
11/16/2021,4,5,16
11/17/2021,4,5,25
11/18/2021,4,5,24
11/19/2021,4,5,32
11/20/2021,4,5,25
11/21/2021,4,5,14
11/22/2021,4,5,15
11/23/2021,4,5,22
11/24/2021,4,5,26
11/25/2021,4,5,33
11/26/2021,4,5,31
11/27/2021,4,5,34
11/28/2021,4,5,16
11/29/2021,4,5,21
11/30/2021,4,5,18
12/1/2021,4,5,12
12/2/2021,4,5,9
12/3/2021,4,5,18
12/4/2021,4,5,16
12/5/2021,4,5,14
12/6/2021,4,5,16
12/7/2021,4,5,17
12/8/2021,4,5,17
12/9/2021,4,5,11
12/10/2021,4,5,22
12/11/2021,4,5,22
12/12/2021,4,5,16
12/13/2021,4,5,16
12/14/2021,4,5,8
12/15/2021,4,5,23
12/16/2021,4,5,20
12/17/2021,4,5,27
12/18/2021,4,5,17
12/19/2021,4,5,14
12/20/2021,4,5,12
12/21/2021,4,5,11
12/22/2021,4,5,14
12/23/2021,4,5,11
12/24/2021,4,5,12
12/25/2021,4,5,16
12/26/2021,4,5,12
12/27/2021,4,5,14
12/28/2021,4,5,18
12/29/2021,4,5,17
12/30/2021,4,5,20
12/31/2021,4,5,17
1/1/2022,4,5,24
1/2/2022,4,5,12
1/3/2022,4,5,16
1/4/2022,4,5,19
1/5/2022,4,5,9
1/6/2022,4,5,10
1/7/2022,4,5,11
1/8/2022,4,5,18
1/9/2022,4,5,19
1/10/2022,4,5,13
1/11/2022,4,5,14
1/12/2022,4,5,15
1/13/2022,4,5,19
1/14/2022,4,5,25
1/15/2022,4,5,27
1/16/2022,4,5,12
1/17/2022,4,5,16
1/18/2022,4,5,7
1/19/2022,4,5,12
1/20/2022,4,5,18
1/21/2022,4,5,15
1/22/2022,4,5,14
1/23/2022,4,5,8
1/24/2022,4,5,15
1/25/2022,4,5,11
1/26/2022,4,5,17
1/27/2022,4,5,12
1/28/2022,4,5,16
1/29/2022,4,5,12
1/30/2022,4,5,11
1/31/2022,4,5,13
2/1/2022,4,5,12
2/2/2022,4,5,22
2/3/2022,4,5,15
2/4/2022,4,5,15
2/5/2022,4,5,22
2/6/2022,4,5,9
2/7/2022,4,5,11
2/8/2022,4,5,14
2/9/2022,4,5,13
2/10/2022,4,5,22
2/11/2022,4,5,21
2/12/2022,4,5,27
2/13/2022,4,5,13
2/14/2022,4,5,13
2/15/2022,4,5,11
2/16/2022,4,5,18
2/17/2022,4,5,23
2/18/2022,4,5,16
2/19/2022,4,5,28
2/20/2022,4,5,13
2/21/2022,4,5,19
2/22/2022,4,5,20
2/23/2022,4,5,23
2/24/2022,4,5,11
2/25/2022,4,5,20
2/26/2022,4,5,18
2/27/2022,4,5,14
2/28/2022,4,5,9
3/1/2022,4,5,16
3/2/2022,4,5,25
3/3/2022,4,5,15
3/4/2022,4,5,27
3/5/2022,4,5,23
3/6/2022,4,5,12
3/7/2022,4,5,15
3/8/2022,4,5,15
3/9/2022,4,5,26
3/10/2022,4,5,26
3/11/2022,4,5,17
3/12/2022,4,5,14
3/13/2022,4,5,12
3/14/2022,4,5,18
3/15/2022,4,5,18
3/16/2022,4,5,16
3/17/2022,4,5,30
3/18/2022,4,5,19
3/19/2022,4,5,33
3/20/2022,4,5,14
3/21/2022,4,5,18
3/22/2022,4,5,18
3/23/2022,4,5,19
3/24/2022,4,5,17
3/25/2022,4,5,23
3/26/2022,4,5,29
3/27/2022,4,5,16
3/28/2022,4,5,13
3/29/2022,4,5,23
3/30/2022,4,5,18
3/31/2022,4,5,15
4/1/2022,4,5,24
4/2/2022,4,5,26
4/3/2022,4,5,27
4/4/2022,4,5,22
4/5/2022,4,5,25
4/6/2022,4,5,20
4/7/2022,4,5,23
4/8/2022,4,5,22
4/9/2022,4,5,23
4/10/2022,4,5,13
4/11/2022,4,5,18
4/12/2022,4,5,16
4/13/2022,4,5,18
4/14/2022,4,5,30
4/15/2022,4,5,20
4/16/2022,4,5,24
4/17/2022,4,5,20
4/18/2022,4,5,27
4/19/2022,4,5,15
4/20/2022,4,5,22
4/21/2022,4,5,24
4/22/2022,4,5,31
4/23/2022,4,5,26
4/24/2022,4,5,21
4/25/2022,4,5,15
4/26/2022,4,5,25
4/27/2022,4,5,28
4/28/2022,4,5,29
4/29/2022,4,5,24
4/30/2022,4,5,25
5/1/2022,4,5,21
5/2/2022,4,5,25
5/3/2022,4,5,25
5/4/2022,4,5,26
5/5/2022,4,5,24
5/6/2022,4,5,30
5/7/2022,4,5,21
5/8/2022,4,5,12
5/9/2022,4,5,26
5/10/2022,4,5,18
5/11/2022,4,5,31
5/12/2022,4,5,19
5/13/2022,4,5,30
5/14/2022,4,5,24
5/15/2022,4,5,14
5/16/2022,4,5,20
5/17/2022,4,5,14
5/18/2022,4,5,27
5/19/2022,4,5,31
5/20/2022,4,5,23
5/21/2022,4,5,23
5/22/2022,4,5,25
5/23/2022,4,5,25
5/24/2022,4,5,13
5/25/2022,4,5,23
5/26/2022,4,5,32
5/27/2022,4,5,33
5/28/2022,4,5,32
5/29/2022,4,5,14
5/30/2022,4,5,19
5/31/2022,4,5,29
6/1/2022,4,5,21
6/2/2022,4,5,31
6/3/2022,4,5,29
6/4/2022,4,5,28
6/5/2022,4,5,22
6/6/2022,4,5,26
6/7/2022,4,5,18
6/8/2022,4,5,20
6/9/2022,4,5,37
6/10/2022,4,5,38
6/11/2022,4,5,32
6/12/2022,4,5,19
6/13/2022,4,5,22
6/14/2022,4,5,26
6/15/2022,4,5,30
6/16/2022,4,5,23
6/17/2022,4,5,34
6/18/2022,4,5,30
6/19/2022,4,5,18
6/20/2022,4,5,32
6/21/2022,4,5,24
6/22/2022,4,5,27
6/23/2022,4,5,32
6/24/2022,4,5,26
6/25/2022,4,5,31
6/26/2022,4,5,20
6/27/2022,4,5,27
6/28/2022,4,5,24
6/29/2022,4,5,30
6/30/2022,4,5,34
7/1/2022,4,5,35
7/2/2022,4,5,36
7/3/2022,4,5,18
7/4/2022,4,5,24
7/5/2022,4,5,24
7/6/2022,4,5,31
7/7/2022,4,5,26
7/8/2022,4,5,36
7/9/2022,4,5,33
7/10/2022,4,5,29
7/11/2022,4,5,23
7/12/2022,4,5,27
7/13/2022,4,5,32
7/14/2022,4,5,30
7/15/2022,4,5,34
7/16/2022,4,5,37
7/17/2022,4,5,21
7/18/2022,4,5,19
7/19/2022,4,5,29
7/20/2022,4,5,29
7/21/2022,4,5,29
7/22/2022,4,5,26
7/23/2022,4,5,35
7/24/2022,4,5,15
7/25/2022,4,5,20
7/26/2022,4,5,14
7/27/2022,4,5,28
7/28/2022,4,5,31
7/29/2022,4,5,49
7/30/2022,4,5,33
7/31/2022,4,5,30
8/1/2022,4,5,20
8/2/2022,4,5,16
8/3/2022,4,5,19
8/4/2022,4,5,37
8/5/2022,4,5,25
8/6/2022,4,5,29
8/7/2022,4,5,18
8/8/2022,4,5,25
8/9/2022,4,5,20
8/10/2022,4,5,35
8/11/2022,4,5,36
8/12/2022,4,5,28
8/13/2022,4,5,28
8/14/2022,4,5,18
8/15/2022,4,5,24
8/16/2022,4,5,20
8/17/2022,4,5,21
8/18/2022,4,5,16
8/19/2022,4,5,26
8/20/2022,4,5,38
8/21/2022,4,5,23
8/22/2022,4,5,17
8/23/2022,4,5,23
8/24/2022,4,5,21
8/25/2022,4,5,25
8/26/2022,4,5,32
8/27/2022,4,5,26
8/28/2022,4,5,24
8/29/2022,4,5,26
8/30/2022,4,5,13
8/31/2022,4,5,35
9/1/2022,4,5,28
9/2/2022,4,5,32
9/3/2022,4,5,24
9/4/2022,4,5,14
9/5/2022,4,5,23
9/6/2022,4,5,23
9/7/2022,4,5,24
9/8/2022,4,5,29
9/9/2022,4,5,15
9/10/2022,4,5,27
9/11/2022,4,5,21
9/12/2022,4,5,22
9/13/2022,4,5,21
9/14/2022,4,5,30
9/15/2022,4,5,21
9/16/2022,4,5,25
9/17/2022,4,5,28
9/18/2022,4,5,13
9/19/2022,4,5,25
9/20/2022,4,5,25
9/21/2022,4,5,22
9/22/2022,4,5,24
9/23/2022,4,5,25
9/24/2022,4,5,27
9/25/2022,4,5,26
9/26/2022,4,5,24
9/27/2022,4,5,25
9/28/2022,4,5,27
9/29/2022,4,5,22
9/30/2022,4,5,27
10/1/2022,4,5,25
10/2/2022,4,5,8
10/3/2022,4,5,9
10/4/2022,4,5,16
10/5/2022,4,5,16
10/6/2022,4,5,20
10/7/2022,4,5,23
10/8/2022,4,5,21
10/9/2022,4,5,18
10/10/2022,4,5,21
10/11/2022,4,5,14
10/12/2022,4,5,19
10/13/2022,4,5,21
10/14/2022,4,5,16
10/15/2022,4,5,28
10/16/2022,4,5,11
10/17/2022,4,5,19
10/18/2022,4,5,16
10/19/2022,4,5,15
10/20/2022,4,5,29
10/21/2022,4,5,38
10/22/2022,4,5,27
10/23/2022,4,5,17
10/24/2022,4,5,19
10/25/2022,4,5,26
10/26/2022,4,5,21
10/27/2022,4,5,16
10/28/2022,4,5,21
10/29/2022,4,5,21
10/30/2022,4,5,17
10/31/2022,4,5,20
11/1/2022,4,5,16
11/2/2022,4,5,18
11/3/2022,4,5,34
11/4/2022,4,5,18
11/5/2022,4,5,32
11/6/2022,4,5,21
11/7/2022,4,5,23
11/8/2022,4,5,19
11/9/2022,4,5,26
11/10/2022,4,5,25
11/11/2022,4,5,17
11/12/2022,4,5,19
11/13/2022,4,5,20
11/14/2022,4,5,21
11/15/2022,4,5,19
11/16/2022,4,5,26
11/17/2022,4,5,19
11/18/2022,4,5,27
11/19/2022,4,5,23
11/20/2022,4,5,17
11/21/2022,4,5,17
11/22/2022,4,5,18
11/23/2022,4,5,19
11/24/2022,4,5,27
11/25/2022,4,5,18
11/26/2022,4,5,31
11/27/2022,4,5,17
11/28/2022,4,5,23
11/29/2022,4,5,30
11/30/2022,4,5,20
12/1/2022,4,5,14
12/2/2022,4,5,21
12/3/2022,4,5,16
12/4/2022,4,5,13
12/5/2022,4,5,13
12/6/2022,4,5,11
12/7/2022,4,5,15
12/8/2022,4,5,18
12/9/2022,4,5,18
12/10/2022,4,5,20
12/11/2022,4,5,11
12/12/2022,4,5,20
12/13/2022,4,5,13
12/14/2022,4,5,19
12/15/2022,4,5,26
12/16/2022,4,5,18
12/17/2022,4,5,27
12/18/2022,4,5,13
12/19/2022,4,5,13
12/20/2022,4,5,10
12/21/2022,4,5,27
12/22/2022,4,5,11
12/23/2022,4,5,17
12/24/2022,4,5,13
12/25/2022,4,5,10
12/26/2022,4,5,8
12/27/2022,4,5,15
12/28/2022,4,5,23
12/29/2022,4,5,18
12/30/2022,4,5,23
12/31/2022,4,5,19
1/1/2018,5,5,9
1/2/2018,5,5,5
1/3/2018,5,5,3
1/4/2018,5,5,12
1/5/2018,5,5,8
1/6/2018,5,5,9
1/7/2018,5,5,3
1/8/2018,5,5,6
1/9/2018,5,5,11
1/10/2018,5,5,8
1/11/2018,5,5,4
1/12/2018,5,5,8
1/13/2018,5,5,9
1/14/2018,5,5,10
1/15/2018,5,5,9
1/16/2018,5,5,10
1/17/2018,5,5,6
1/18/2018,5,5,7
1/19/2018,5,5,6
1/20/2018,5,5,9
1/21/2018,5,5,6
1/22/2018,5,5,10
1/23/2018,5,5,6
1/24/2018,5,5,9
1/25/2018,5,5,7
1/26/2018,5,5,9
1/27/2018,5,5,12
1/28/2018,5,5,10
1/29/2018,5,5,9
1/30/2018,5,5,2
1/31/2018,5,5,7
2/1/2018,5,5,13
2/2/2018,5,5,12
2/3/2018,5,5,11
2/4/2018,5,5,5
2/5/2018,5,5,8
2/6/2018,5,5,14
2/7/2018,5,5,11
2/8/2018,5,5,6
2/9/2018,5,5,17
2/10/2018,5,5,9
2/11/2018,5,5,6
2/12/2018,5,5,7
2/13/2018,5,5,12
2/14/2018,5,5,14
2/15/2018,5,5,10
2/16/2018,5,5,11
2/17/2018,5,5,13
2/18/2018,5,5,9
2/19/2018,5,5,8
2/20/2018,5,5,10
2/21/2018,5,5,12
2/22/2018,5,5,6
2/23/2018,5,5,12
2/24/2018,5,5,13
2/25/2018,5,5,7
2/26/2018,5,5,10
2/27/2018,5,5,10
2/28/2018,5,5,12
3/1/2018,5,5,6
3/2/2018,5,5,10
3/3/2018,5,5,16
3/4/2018,5,5,8
3/5/2018,5,5,13
3/6/2018,5,5,10
3/7/2018,5,5,18
3/8/2018,5,5,13
3/9/2018,5,5,10
3/10/2018,5,5,11
3/11/2018,5,5,6
3/12/2018,5,5,14
3/13/2018,5,5,11
3/14/2018,5,5,8
3/15/2018,5,5,11
3/16/2018,5,5,13
3/17/2018,5,5,13
3/18/2018,5,5,6
3/19/2018,5,5,13
3/20/2018,5,5,12
3/21/2018,5,5,16
3/22/2018,5,5,10
3/23/2018,5,5,16
3/24/2018,5,5,13
3/25/2018,5,5,6
3/26/2018,5,5,3
3/27/2018,5,5,10
3/28/2018,5,5,4
3/29/2018,5,5,11
3/30/2018,5,5,14
3/31/2018,5,5,7
4/1/2018,5,5,10
4/2/2018,5,5,14
4/3/2018,5,5,12
4/4/2018,5,5,14
4/5/2018,5,5,16
4/6/2018,5,5,11
4/7/2018,5,5,13
4/8/2018,5,5,7
4/9/2018,5,5,9
4/10/2018,5,5,14
4/11/2018,5,5,13
4/12/2018,5,5,13
4/13/2018,5,5,10
4/14/2018,5,5,18
4/15/2018,5,5,8
4/16/2018,5,5,8
4/17/2018,5,5,7
4/18/2018,5,5,18
4/19/2018,5,5,6
4/20/2018,5,5,11
4/21/2018,5,5,17
4/22/2018,5,5,12
4/23/2018,5,5,14
4/24/2018,5,5,9
4/25/2018,5,5,11
4/26/2018,5,5,8
4/27/2018,5,5,16
4/28/2018,5,5,15
4/29/2018,5,5,9
4/30/2018,5,5,19
5/1/2018,5,5,22
5/2/2018,5,5,10
5/3/2018,5,5,17
5/4/2018,5,5,13
5/5/2018,5,5,15
5/6/2018,5,5,5
5/7/2018,5,5,8
5/8/2018,5,5,17
5/9/2018,5,5,12
5/10/2018,5,5,11
5/11/2018,5,5,10
5/12/2018,5,5,19
5/13/2018,5,5,9
5/14/2018,5,5,9
5/15/2018,5,5,17
5/16/2018,5,5,25
5/17/2018,5,5,13
5/18/2018,5,5,15
5/19/2018,5,5,14
5/20/2018,5,5,11
5/21/2018,5,5,12
5/22/2018,5,5,15
5/23/2018,5,5,14
5/24/2018,5,5,15
5/25/2018,5,5,15
5/26/2018,5,5,13
5/27/2018,5,5,16
5/28/2018,5,5,11
5/29/2018,5,5,7
5/30/2018,5,5,16
5/31/2018,5,5,20
6/1/2018,5,5,15
6/2/2018,5,5,12
6/3/2018,5,5,10
6/4/2018,5,5,9
6/5/2018,5,5,14
6/6/2018,5,5,11
6/7/2018,5,5,18
6/8/2018,5,5,18
6/9/2018,5,5,22
6/10/2018,5,5,14
6/11/2018,5,5,12
6/12/2018,5,5,15
6/13/2018,5,5,15
6/14/2018,5,5,8
6/15/2018,5,5,14
6/16/2018,5,5,13
6/17/2018,5,5,16
6/18/2018,5,5,17
6/19/2018,5,5,7
6/20/2018,5,5,15
6/21/2018,5,5,12
6/22/2018,5,5,13
6/23/2018,5,5,12
6/24/2018,5,5,12
6/25/2018,5,5,18
6/26/2018,5,5,17
6/27/2018,5,5,15
6/28/2018,5,5,26
6/29/2018,5,5,10
6/30/2018,5,5,18
7/1/2018,5,5,13
7/2/2018,5,5,15
7/3/2018,5,5,11
7/4/2018,5,5,16
7/5/2018,5,5,22
7/6/2018,5,5,23
7/7/2018,5,5,32
7/8/2018,5,5,15
7/9/2018,5,5,17
7/10/2018,5,5,14
7/11/2018,5,5,24
7/12/2018,5,5,18
7/13/2018,5,5,20
7/14/2018,5,5,14
7/15/2018,5,5,13
7/16/2018,5,5,21
7/17/2018,5,5,17
7/18/2018,5,5,25
7/19/2018,5,5,17
7/20/2018,5,5,19
7/21/2018,5,5,22
7/22/2018,5,5,12
7/23/2018,5,5,9
7/24/2018,5,5,5
7/25/2018,5,5,10
7/26/2018,5,5,21
7/27/2018,5,5,20
7/28/2018,5,5,14
7/29/2018,5,5,7
7/30/2018,5,5,14
7/31/2018,5,5,16
8/1/2018,5,5,16
8/2/2018,5,5,18
8/3/2018,5,5,14
8/4/2018,5,5,15
8/5/2018,5,5,8
8/6/2018,5,5,8
8/7/2018,5,5,9
8/8/2018,5,5,6
8/9/2018,5,5,16
8/10/2018,5,5,15
8/11/2018,5,5,11
8/12/2018,5,5,10
8/13/2018,5,5,8
8/14/2018,5,5,14
8/15/2018,5,5,13
8/16/2018,5,5,15
8/17/2018,5,5,18
8/18/2018,5,5,16
8/19/2018,5,5,6
8/20/2018,5,5,19
8/21/2018,5,5,11
8/22/2018,5,5,14
8/23/2018,5,5,8
8/24/2018,5,5,15
8/25/2018,5,5,19
8/26/2018,5,5,6
8/27/2018,5,5,9
8/28/2018,5,5,8
8/29/2018,5,5,21
8/30/2018,5,5,16
8/31/2018,5,5,14
9/1/2018,5,5,18
9/2/2018,5,5,9
9/3/2018,5,5,4
9/4/2018,5,5,8
9/5/2018,5,5,17
9/6/2018,5,5,17
9/7/2018,5,5,11
9/8/2018,5,5,11
9/9/2018,5,5,18
9/10/2018,5,5,14
9/11/2018,5,5,13
9/12/2018,5,5,11
9/13/2018,5,5,11
9/14/2018,5,5,19
9/15/2018,5,5,9
9/16/2018,5,5,10
9/17/2018,5,5,14
9/18/2018,5,5,6
9/19/2018,5,5,12
9/20/2018,5,5,12
9/21/2018,5,5,16
9/22/2018,5,5,12
9/23/2018,5,5,11
9/24/2018,5,5,11
9/25/2018,5,5,10
9/26/2018,5,5,14
9/27/2018,5,5,14
9/28/2018,5,5,11
9/29/2018,5,5,8
9/30/2018,5,5,7
10/1/2018,5,5,10
10/2/2018,5,5,13
10/3/2018,5,5,8
10/4/2018,5,5,17
10/5/2018,5,5,13
10/6/2018,5,5,12
10/7/2018,5,5,10
10/8/2018,5,5,16
10/9/2018,5,5,13
10/10/2018,5,5,6
10/11/2018,5,5,14
10/12/2018,5,5,13
10/13/2018,5,5,12
10/14/2018,5,5,7
10/15/2018,5,5,7
10/16/2018,5,5,10
10/17/2018,5,5,8
10/18/2018,5,5,7
10/19/2018,5,5,15
10/20/2018,5,5,8
10/21/2018,5,5,6
10/22/2018,5,5,8
10/23/2018,5,5,10
10/24/2018,5,5,12
10/25/2018,5,5,14
10/26/2018,5,5,13
10/27/2018,5,5,18
10/28/2018,5,5,7
10/29/2018,5,5,7
10/30/2018,5,5,12
10/31/2018,5,5,13
11/1/2018,5,5,15
11/2/2018,5,5,19
11/3/2018,5,5,15
11/4/2018,5,5,14
11/5/2018,5,5,13
11/6/2018,5,5,10
11/7/2018,5,5,15
11/8/2018,5,5,14
11/9/2018,5,5,22
11/10/2018,5,5,20
11/11/2018,5,5,4
11/12/2018,5,5,16
11/13/2018,5,5,12
11/14/2018,5,5,15
11/15/2018,5,5,10
11/16/2018,5,5,10
11/17/2018,5,5,6
11/18/2018,5,5,13
11/19/2018,5,5,6
11/20/2018,5,5,4
11/21/2018,5,5,18
11/22/2018,5,5,11
11/23/2018,5,5,18
11/24/2018,5,5,12
11/25/2018,5,5,8
11/26/2018,5,5,14
11/27/2018,5,5,17
11/28/2018,5,5,13
11/29/2018,5,5,8
11/30/2018,5,5,19
12/1/2018,5,5,8
12/2/2018,5,5,11
12/3/2018,5,5,13
12/4/2018,5,5,9
12/5/2018,5,5,5
12/6/2018,5,5,8
12/7/2018,5,5,10
12/8/2018,5,5,10
12/9/2018,5,5,7
12/10/2018,5,5,11
12/11/2018,5,5,7
12/12/2018,5,5,7
12/13/2018,5,5,11
12/14/2018,5,5,9
12/15/2018,5,5,11
12/16/2018,5,5,8
12/17/2018,5,5,6
12/18/2018,5,5,9
12/19/2018,5,5,6
12/20/2018,5,5,7
12/21/2018,5,5,4
12/22/2018,5,5,11
12/23/2018,5,5,7
12/24/2018,5,5,9
12/25/2018,5,5,7
12/26/2018,5,5,14
12/27/2018,5,5,4
12/28/2018,5,5,8
12/29/2018,5,5,5
12/30/2018,5,5,5
12/31/2018,5,5,7
1/1/2019,5,5,8
1/2/2019,5,5,8
1/3/2019,5,5,10
1/4/2019,5,5,7
1/5/2019,5,5,7
1/6/2019,5,5,12
1/7/2019,5,5,8
1/8/2019,5,5,9
1/9/2019,5,5,5
1/10/2019,5,5,6
1/11/2019,5,5,12
1/12/2019,5,5,12
1/13/2019,5,5,6
1/14/2019,5,5,10
1/15/2019,5,5,8
1/16/2019,5,5,8
1/17/2019,5,5,8
1/18/2019,5,5,6
1/19/2019,5,5,9
1/20/2019,5,5,7
1/21/2019,5,5,8
1/22/2019,5,5,8
1/23/2019,5,5,8
1/24/2019,5,5,10
1/25/2019,5,5,13
1/26/2019,5,5,18
1/27/2019,5,5,5
1/28/2019,5,5,10
1/29/2019,5,5,5
1/30/2019,5,5,10
1/31/2019,5,5,9
2/1/2019,5,5,7
2/2/2019,5,5,12
2/3/2019,5,5,6
2/4/2019,5,5,7
2/5/2019,5,5,11
2/6/2019,5,5,9
2/7/2019,5,5,10
2/8/2019,5,5,9
2/9/2019,5,5,17
2/10/2019,5,5,8
2/11/2019,5,5,12
2/12/2019,5,5,8
2/13/2019,5,5,10
2/14/2019,5,5,16
2/15/2019,5,5,12
2/16/2019,5,5,12
2/17/2019,5,5,6
2/18/2019,5,5,11
2/19/2019,5,5,12
2/20/2019,5,5,5
2/21/2019,5,5,6
2/22/2019,5,5,10
2/23/2019,5,5,12
2/24/2019,5,5,16
2/25/2019,5,5,14
2/26/2019,5,5,7
2/27/2019,5,5,6
2/28/2019,5,5,10
3/1/2019,5,5,11
3/2/2019,5,5,19
3/3/2019,5,5,10
3/4/2019,5,5,10
3/5/2019,5,5,9
3/6/2019,5,5,12
3/7/2019,5,5,18
3/8/2019,5,5,15
3/9/2019,5,5,10
3/10/2019,5,5,10
3/11/2019,5,5,6
3/12/2019,5,5,13
3/13/2019,5,5,18
3/14/2019,5,5,11
3/15/2019,5,5,18
3/16/2019,5,5,11
3/17/2019,5,5,4
3/18/2019,5,5,8
3/19/2019,5,5,10
3/20/2019,5,5,7
3/21/2019,5,5,16
3/22/2019,5,5,15
3/23/2019,5,5,13
3/24/2019,5,5,9
3/25/2019,5,5,12
3/26/2019,5,5,9
3/27/2019,5,5,11
3/28/2019,5,5,8
3/29/2019,5,5,10
3/30/2019,5,5,9
3/31/2019,5,5,6
4/1/2019,5,5,13
4/2/2019,5,5,13
4/3/2019,5,5,20
4/4/2019,5,5,14
4/5/2019,5,5,14
4/6/2019,5,5,27
4/7/2019,5,5,14
4/8/2019,5,5,6
4/9/2019,5,5,13
4/10/2019,5,5,10
4/11/2019,5,5,22
4/12/2019,5,5,13
4/13/2019,5,5,19
4/14/2019,5,5,14
4/15/2019,5,5,14
4/16/2019,5,5,15
4/17/2019,5,5,14
4/18/2019,5,5,13
4/19/2019,5,5,17
4/20/2019,5,5,22
4/21/2019,5,5,10
4/22/2019,5,5,13
4/23/2019,5,5,11
4/24/2019,5,5,14
4/25/2019,5,5,15
4/26/2019,5,5,12
4/27/2019,5,5,21
4/28/2019,5,5,8
4/29/2019,5,5,17
4/30/2019,5,5,10
5/1/2019,5,5,11
5/2/2019,5,5,9
5/3/2019,5,5,18
5/4/2019,5,5,18
5/5/2019,5,5,13
5/6/2019,5,5,13
5/7/2019,5,5,15
5/8/2019,5,5,16
5/9/2019,5,5,16
5/10/2019,5,5,14
5/11/2019,5,5,21
5/12/2019,5,5,12
5/13/2019,5,5,11
5/14/2019,5,5,12
5/15/2019,5,5,12
5/16/2019,5,5,11
5/17/2019,5,5,17
5/18/2019,5,5,24
5/19/2019,5,5,9
5/20/2019,5,5,14
5/21/2019,5,5,14
5/22/2019,5,5,16
5/23/2019,5,5,16
5/24/2019,5,5,16
5/25/2019,5,5,23
5/26/2019,5,5,12
5/27/2019,5,5,15
5/28/2019,5,5,15
5/29/2019,5,5,17
5/30/2019,5,5,16
5/31/2019,5,5,13
6/1/2019,5,5,25
6/2/2019,5,5,12
6/3/2019,5,5,8
6/4/2019,5,5,12
6/5/2019,5,5,12
6/6/2019,5,5,14
6/7/2019,5,5,17
6/8/2019,5,5,13
6/9/2019,5,5,16
6/10/2019,5,5,8
6/11/2019,5,5,21
6/12/2019,5,5,23
6/13/2019,5,5,13
6/14/2019,5,5,22
6/15/2019,5,5,16
6/16/2019,5,5,11
6/17/2019,5,5,15
6/18/2019,5,5,17
6/19/2019,5,5,16
6/20/2019,5,5,16
6/21/2019,5,5,14
6/22/2019,5,5,18
6/23/2019,5,5,15
6/24/2019,5,5,11
6/25/2019,5,5,14
6/26/2019,5,5,19
6/27/2019,5,5,30
6/28/2019,5,5,17
6/29/2019,5,5,18
6/30/2019,5,5,16
7/1/2019,5,5,20
7/2/2019,5,5,18
7/3/2019,5,5,18
7/4/2019,5,5,14
7/5/2019,5,5,21
7/6/2019,5,5,18
7/7/2019,5,5,16
7/8/2019,5,5,16
7/9/2019,5,5,23
7/10/2019,5,5,15
7/11/2019,5,5,23
7/12/2019,5,5,22
7/13/2019,5,5,19
7/14/2019,5,5,14
7/15/2019,5,5,16
7/16/2019,5,5,11
7/17/2019,5,5,15
7/18/2019,5,5,20
7/19/2019,5,5,20
7/20/2019,5,5,24
7/21/2019,5,5,15
7/22/2019,5,5,16
7/23/2019,5,5,23
7/24/2019,5,5,22
7/25/2019,5,5,19
7/26/2019,5,5,27
7/27/2019,5,5,24
7/28/2019,5,5,17
7/29/2019,5,5,12
7/30/2019,5,5,17
7/31/2019,5,5,18
8/1/2019,5,5,20
8/2/2019,5,5,26
8/3/2019,5,5,17
8/4/2019,5,5,10
8/5/2019,5,5,20
8/6/2019,5,5,18
8/7/2019,5,5,10
8/8/2019,5,5,17
8/9/2019,5,5,13
8/10/2019,5,5,13
8/11/2019,5,5,15
8/12/2019,5,5,22
8/13/2019,5,5,9
8/14/2019,5,5,14
8/15/2019,5,5,15
8/16/2019,5,5,11
8/17/2019,5,5,16
8/18/2019,5,5,14
8/19/2019,5,5,14
8/20/2019,5,5,16
8/21/2019,5,5,14
8/22/2019,5,5,16
8/23/2019,5,5,23
8/24/2019,5,5,24
8/25/2019,5,5,13
8/26/2019,5,5,17
8/27/2019,5,5,16
8/28/2019,5,5,11
8/29/2019,5,5,11
8/30/2019,5,5,15
8/31/2019,5,5,16
9/1/2019,5,5,11
9/2/2019,5,5,6
9/3/2019,5,5,10
9/4/2019,5,5,17
9/5/2019,5,5,16
9/6/2019,5,5,9
9/7/2019,5,5,16
9/8/2019,5,5,10
9/9/2019,5,5,18
9/10/2019,5,5,8
9/11/2019,5,5,9
9/12/2019,5,5,10
9/13/2019,5,5,18
9/14/2019,5,5,20
9/15/2019,5,5,13
9/16/2019,5,5,9
9/17/2019,5,5,17
9/18/2019,5,5,13
9/19/2019,5,5,10
9/20/2019,5,5,12
9/21/2019,5,5,27
9/22/2019,5,5,15
9/23/2019,5,5,12
9/24/2019,5,5,11
9/25/2019,5,5,14
9/26/2019,5,5,15
9/27/2019,5,5,16
9/28/2019,5,5,18
9/29/2019,5,5,11
9/30/2019,5,5,20
10/1/2019,5,5,12
10/2/2019,5,5,16
10/3/2019,5,5,18
10/4/2019,5,5,21
10/5/2019,5,5,18
10/6/2019,5,5,10
10/7/2019,5,5,9
10/8/2019,5,5,9
10/9/2019,5,5,12
10/10/2019,5,5,12
10/11/2019,5,5,11
10/12/2019,5,5,21
10/13/2019,5,5,11
10/14/2019,5,5,6
10/15/2019,5,5,10
10/16/2019,5,5,11
10/17/2019,5,5,19
10/18/2019,5,5,23
10/19/2019,5,5,14
10/20/2019,5,5,13
10/21/2019,5,5,14
10/22/2019,5,5,10
10/23/2019,5,5,8
10/24/2019,5,5,12
10/25/2019,5,5,14
10/26/2019,5,5,13
10/27/2019,5,5,10
10/28/2019,5,5,8
10/29/2019,5,5,6
10/30/2019,5,5,14
10/31/2019,5,5,15
11/1/2019,5,5,25
11/2/2019,5,5,20
11/3/2019,5,5,5
11/4/2019,5,5,8
11/5/2019,5,5,13
11/6/2019,5,5,20
11/7/2019,5,5,18
11/8/2019,5,5,20
11/9/2019,5,5,15
11/10/2019,5,5,11
11/11/2019,5,5,11
11/12/2019,5,5,13
11/13/2019,5,5,7
11/14/2019,5,5,16
11/15/2019,5,5,22
11/16/2019,5,5,23
11/17/2019,5,5,11
11/18/2019,5,5,11
11/19/2019,5,5,13
11/20/2019,5,5,22
11/21/2019,5,5,17
11/22/2019,5,5,15
11/23/2019,5,5,23
11/24/2019,5,5,13
11/25/2019,5,5,12
11/26/2019,5,5,19
11/27/2019,5,5,6
11/28/2019,5,5,16
11/29/2019,5,5,13
11/30/2019,5,5,16
12/1/2019,5,5,10
12/2/2019,5,5,8
12/3/2019,5,5,7
12/4/2019,5,5,8
12/5/2019,5,5,12
12/6/2019,5,5,5
12/7/2019,5,5,16
12/8/2019,5,5,7
12/9/2019,5,5,9
12/10/2019,5,5,11
12/11/2019,5,5,10
12/12/2019,5,5,15
12/13/2019,5,5,20
12/14/2019,5,5,11
12/15/2019,5,5,9
12/16/2019,5,5,4
12/17/2019,5,5,12
12/18/2019,5,5,11
12/19/2019,5,5,8
12/20/2019,5,5,13
12/21/2019,5,5,12
12/22/2019,5,5,11
12/23/2019,5,5,5
12/24/2019,5,5,14
12/25/2019,5,5,8
12/26/2019,5,5,5
12/27/2019,5,5,16
12/28/2019,5,5,13
12/29/2019,5,5,10
12/30/2019,5,5,8
12/31/2019,5,5,3
1/1/2020,5,5,9
1/2/2020,5,5,4
1/3/2020,5,5,13
1/4/2020,5,5,9
1/5/2020,5,5,5
1/6/2020,5,5,12
1/7/2020,5,5,7
1/8/2020,5,5,12
1/9/2020,5,5,12
1/10/2020,5,5,14
1/11/2020,5,5,13
1/12/2020,5,5,13
1/13/2020,5,5,7
1/14/2020,5,5,10
1/15/2020,5,5,11
1/16/2020,5,5,7
1/17/2020,5,5,10
1/18/2020,5,5,9
1/19/2020,5,5,12
1/20/2020,5,5,6
1/21/2020,5,5,9
1/22/2020,5,5,7
1/23/2020,5,5,9
1/24/2020,5,5,13
1/25/2020,5,5,9
1/26/2020,5,5,9
1/27/2020,5,5,6
1/28/2020,5,5,5
1/29/2020,5,5,5
1/30/2020,5,5,15
1/31/2020,5,5,8
2/1/2020,5,5,10
2/2/2020,5,5,14
2/3/2020,5,5,9
2/4/2020,5,5,14
2/5/2020,5,5,9
2/6/2020,5,5,11
2/7/2020,5,5,12
2/8/2020,5,5,9
2/9/2020,5,5,10
2/10/2020,5,5,12
2/11/2020,5,5,12
2/12/2020,5,5,13
2/13/2020,5,5,18
2/14/2020,5,5,8
2/15/2020,5,5,12
2/16/2020,5,5,12
2/17/2020,5,5,11
2/18/2020,5,5,7
2/19/2020,5,5,10
2/20/2020,5,5,11
2/21/2020,5,5,13
2/22/2020,5,5,13
2/23/2020,5,5,12
2/24/2020,5,5,7
2/25/2020,5,5,4
2/26/2020,5,5,9
2/27/2020,5,5,11
2/28/2020,5,5,14
3/1/2020,5,5,16
3/2/2020,5,5,9
3/3/2020,5,5,8
3/4/2020,5,5,8
3/5/2020,5,5,16
3/6/2020,5,5,15
3/7/2020,5,5,18
3/8/2020,5,5,19
3/9/2020,5,5,8
3/10/2020,5,5,8
3/11/2020,5,5,12
3/12/2020,5,5,13
3/13/2020,5,5,16
3/14/2020,5,5,15
3/15/2020,5,5,22
3/16/2020,5,5,6
3/17/2020,5,5,7
3/18/2020,5,5,10
3/19/2020,5,5,9
3/20/2020,5,5,12
3/21/2020,5,5,16
3/22/2020,5,5,13
3/23/2020,5,5,12
3/24/2020,5,5,16
3/25/2020,5,5,12
3/26/2020,5,5,8
3/27/2020,5,5,14
3/28/2020,5,5,14
3/29/2020,5,5,14
3/30/2020,5,5,6
3/31/2020,5,5,11
4/1/2020,5,5,11
4/2/2020,5,5,11
4/3/2020,5,5,17
4/4/2020,5,5,15
4/5/2020,5,5,16
4/6/2020,5,5,8
4/7/2020,5,5,9
4/8/2020,5,5,18
4/9/2020,5,5,8
4/10/2020,5,5,8
4/11/2020,5,5,15
4/12/2020,5,5,18
4/13/2020,5,5,19
4/14/2020,5,5,14
4/15/2020,5,5,10
4/16/2020,5,5,19
4/17/2020,5,5,15
4/18/2020,5,5,13
4/19/2020,5,5,19
4/20/2020,5,5,9
4/21/2020,5,5,18
4/22/2020,5,5,13
4/23/2020,5,5,12
4/24/2020,5,5,18
4/25/2020,5,5,21
4/26/2020,5,5,14
4/27/2020,5,5,8
4/28/2020,5,5,14
4/29/2020,5,5,11
4/30/2020,5,5,19
5/1/2020,5,5,18
5/2/2020,5,5,24
5/3/2020,5,5,16
5/4/2020,5,5,13
5/5/2020,5,5,12
5/6/2020,5,5,15
5/7/2020,5,5,18
5/8/2020,5,5,16
5/9/2020,5,5,18
5/10/2020,5,5,22
5/11/2020,5,5,17
5/12/2020,5,5,12
5/13/2020,5,5,16
5/14/2020,5,5,14
5/15/2020,5,5,14
5/16/2020,5,5,13
5/17/2020,5,5,20
5/18/2020,5,5,14
5/19/2020,5,5,15
5/20/2020,5,5,11
5/21/2020,5,5,17
5/22/2020,5,5,21
5/23/2020,5,5,23
5/24/2020,5,5,22
5/25/2020,5,5,15
5/26/2020,5,5,21
5/27/2020,5,5,14
5/28/2020,5,5,8
5/29/2020,5,5,11
5/30/2020,5,5,17
5/31/2020,5,5,20
6/1/2020,5,5,9
6/2/2020,5,5,12
6/3/2020,5,5,21
6/4/2020,5,5,19
6/5/2020,5,5,29
6/6/2020,5,5,19
6/7/2020,5,5,17
6/8/2020,5,5,13
6/9/2020,5,5,20
6/10/2020,5,5,12
6/11/2020,5,5,8
6/12/2020,5,5,17
6/13/2020,5,5,18
6/14/2020,5,5,21
6/15/2020,5,5,12
6/16/2020,5,5,18
6/17/2020,5,5,18
6/18/2020,5,5,9
6/19/2020,5,5,14
6/20/2020,5,5,18
6/21/2020,5,5,19
6/22/2020,5,5,12
6/23/2020,5,5,17
6/24/2020,5,5,10
6/25/2020,5,5,14
6/26/2020,5,5,18
6/27/2020,5,5,22
6/28/2020,5,5,16
6/29/2020,5,5,14
6/30/2020,5,5,16
7/1/2020,5,5,14
7/2/2020,5,5,11
7/3/2020,5,5,17
7/4/2020,5,5,23
7/5/2020,5,5,31
7/6/2020,5,5,21
7/7/2020,5,5,21
7/8/2020,5,5,16
7/9/2020,5,5,21
7/10/2020,5,5,14
7/11/2020,5,5,18
7/12/2020,5,5,28
7/13/2020,5,5,11
7/14/2020,5,5,16
7/15/2020,5,5,14
7/16/2020,5,5,21
7/17/2020,5,5,19
7/18/2020,5,5,27
7/19/2020,5,5,27
7/20/2020,5,5,17
7/21/2020,5,5,13
7/22/2020,5,5,16
7/23/2020,5,5,10
7/24/2020,5,5,17
7/25/2020,5,5,18
7/26/2020,5,5,18
7/27/2020,5,5,14
7/28/2020,5,5,16
7/29/2020,5,5,20
7/30/2020,5,5,22
7/31/2020,5,5,23
8/1/2020,5,5,13
8/2/2020,5,5,22
8/3/2020,5,5,7
8/4/2020,5,5,13
8/5/2020,5,5,16
8/6/2020,5,5,12
8/7/2020,5,5,18
8/8/2020,5,5,18
8/9/2020,5,5,21
8/10/2020,5,5,3
8/11/2020,5,5,12
8/12/2020,5,5,18
8/13/2020,5,5,16
8/14/2020,5,5,19
8/15/2020,5,5,15
8/16/2020,5,5,21
8/17/2020,5,5,15
8/18/2020,5,5,15
8/19/2020,5,5,16
8/20/2020,5,5,9
8/21/2020,5,5,15
8/22/2020,5,5,13
8/23/2020,5,5,18
8/24/2020,5,5,10
8/25/2020,5,5,12
8/26/2020,5,5,16
8/27/2020,5,5,26
8/28/2020,5,5,23
8/29/2020,5,5,33
8/30/2020,5,5,20
8/31/2020,5,5,9
9/1/2020,5,5,13
9/2/2020,5,5,12
9/3/2020,5,5,12
9/4/2020,5,5,19
9/5/2020,5,5,14
9/6/2020,5,5,13
9/7/2020,5,5,7
9/8/2020,5,5,15
9/9/2020,5,5,15
9/10/2020,5,5,18
9/11/2020,5,5,13
9/12/2020,5,5,19
9/13/2020,5,5,15
9/14/2020,5,5,14
9/15/2020,5,5,20
9/16/2020,5,5,17
9/17/2020,5,5,15
9/18/2020,5,5,20
9/19/2020,5,5,9
9/20/2020,5,5,14
9/21/2020,5,5,7
9/22/2020,5,5,14
9/23/2020,5,5,21
9/24/2020,5,5,11
9/25/2020,5,5,20
9/26/2020,5,5,10
9/27/2020,5,5,10
9/28/2020,5,5,15
9/29/2020,5,5,16
9/30/2020,5,5,14
10/1/2020,5,5,14
10/2/2020,5,5,14
10/3/2020,5,5,12
10/4/2020,5,5,20
10/5/2020,5,5,7
10/6/2020,5,5,17
10/7/2020,5,5,9
10/8/2020,5,5,20
10/9/2020,5,5,17
10/10/2020,5,5,13
10/11/2020,5,5,14
10/12/2020,5,5,12
10/13/2020,5,5,13
10/14/2020,5,5,17
10/15/2020,5,5,12
10/16/2020,5,5,20
10/17/2020,5,5,22
10/18/2020,5,5,7
10/19/2020,5,5,12
10/20/2020,5,5,10
10/21/2020,5,5,6
10/22/2020,5,5,8
10/23/2020,5,5,20
10/24/2020,5,5,19
10/25/2020,5,5,24
10/26/2020,5,5,9
10/27/2020,5,5,12
10/28/2020,5,5,18
10/29/2020,5,5,18
10/30/2020,5,5,8
10/31/2020,5,5,23
11/1/2020,5,5,17
11/2/2020,5,5,13
11/3/2020,5,5,13
11/4/2020,5,5,11
11/5/2020,5,5,10
11/6/2020,5,5,15
11/7/2020,5,5,16
11/8/2020,5,5,17
11/9/2020,5,5,19
11/10/2020,5,5,15
11/11/2020,5,5,14
11/12/2020,5,5,11
11/13/2020,5,5,13
11/14/2020,5,5,10
11/15/2020,5,5,17
11/16/2020,5,5,14
11/17/2020,5,5,13
11/18/2020,5,5,11
11/19/2020,5,5,17
11/20/2020,5,5,15
11/21/2020,5,5,14
11/22/2020,5,5,16
11/23/2020,5,5,8
11/24/2020,5,5,13
11/25/2020,5,5,14
11/26/2020,5,5,13
11/27/2020,5,5,12
11/28/2020,5,5,15
11/29/2020,5,5,11
11/30/2020,5,5,14
12/1/2020,5,5,8
12/2/2020,5,5,11
12/3/2020,5,5,11
12/4/2020,5,5,11
12/5/2020,5,5,11
12/6/2020,5,5,15
12/7/2020,5,5,6
12/8/2020,5,5,10
12/9/2020,5,5,9
12/10/2020,5,5,7
12/11/2020,5,5,12
12/12/2020,5,5,9
12/13/2020,5,5,12
12/14/2020,5,5,10
12/15/2020,5,5,13
12/16/2020,5,5,16
12/17/2020,5,5,8
12/18/2020,5,5,12
12/19/2020,5,5,18
12/20/2020,5,5,12
12/21/2020,5,5,6
12/22/2020,5,5,10
12/23/2020,5,5,8
12/24/2020,5,5,9
12/25/2020,5,5,7
12/26/2020,5,5,12
12/27/2020,5,5,13
12/28/2020,5,5,12
12/29/2020,5,5,7
12/30/2020,5,5,8
12/31/2020,5,5,2
1/1/2021,5,5,17
1/2/2021,5,5,11
1/3/2021,5,5,11
1/4/2021,5,5,5
1/5/2021,5,5,7
1/6/2021,5,5,9
1/7/2021,5,5,10
1/8/2021,5,5,8
1/9/2021,5,5,3
1/10/2021,5,5,9
1/11/2021,5,5,9
1/12/2021,5,5,8
1/13/2021,5,5,11
1/14/2021,5,5,10
1/15/2021,5,5,10
1/16/2021,5,5,5
1/17/2021,5,5,8
1/18/2021,5,5,6
1/19/2021,5,5,7
1/20/2021,5,5,10
1/21/2021,5,5,9
1/22/2021,5,5,10
1/23/2021,5,5,13
1/24/2021,5,5,13
1/25/2021,5,5,5
1/26/2021,5,5,11
1/27/2021,5,5,13
1/28/2021,5,5,8
1/29/2021,5,5,11
1/30/2021,5,5,12
1/31/2021,5,5,15
2/1/2021,5,5,5
2/2/2021,5,5,18
2/3/2021,5,5,10
2/4/2021,5,5,8
2/5/2021,5,5,15
2/6/2021,5,5,15
2/7/2021,5,5,15
2/8/2021,5,5,11
2/9/2021,5,5,9
2/10/2021,5,5,10
2/11/2021,5,5,15
2/12/2021,5,5,11
2/13/2021,5,5,12
2/14/2021,5,5,12
2/15/2021,5,5,9
2/16/2021,5,5,11
2/17/2021,5,5,5
2/18/2021,5,5,15
2/19/2021,5,5,10
2/20/2021,5,5,15
2/21/2021,5,5,16
2/22/2021,5,5,9
2/23/2021,5,5,13
2/24/2021,5,5,9
2/25/2021,5,5,12
2/26/2021,5,5,12
2/27/2021,5,5,16
2/28/2021,5,5,15
2/29/2021,5,5,7
3/1/2021,5,5,14
3/2/2021,5,5,9
3/3/2021,5,5,17
3/4/2021,5,5,8
3/5/2021,5,5,13
3/6/2021,5,5,15
3/7/2021,5,5,16
3/8/2021,5,5,14
3/9/2021,5,5,15
3/10/2021,5,5,14
3/11/2021,5,5,18
3/12/2021,5,5,11
3/13/2021,5,5,20
3/14/2021,5,5,13
3/15/2021,5,5,9
3/16/2021,5,5,12
3/17/2021,5,5,13
3/18/2021,5,5,16
3/19/2021,5,5,14
3/20/2021,5,5,13
3/21/2021,5,5,11
3/22/2021,5,5,17
3/23/2021,5,5,5
3/24/2021,5,5,16
3/25/2021,5,5,12
3/26/2021,5,5,14
3/27/2021,5,5,12
3/28/2021,5,5,16
3/29/2021,5,5,7
3/30/2021,5,5,12
3/31/2021,5,5,13
4/1/2021,5,5,18
4/2/2021,5,5,24
4/3/2021,5,5,15
4/4/2021,5,5,8
4/5/2021,5,5,14
4/6/2021,5,5,15
4/7/2021,5,5,19
4/8/2021,5,5,22
4/9/2021,5,5,12
4/10/2021,5,5,14
4/11/2021,5,5,14
4/12/2021,5,5,16
4/13/2021,5,5,13
4/14/2021,5,5,22
4/15/2021,5,5,19
4/16/2021,5,5,19
4/17/2021,5,5,16
4/18/2021,5,5,14
4/19/2021,5,5,21
4/20/2021,5,5,10
4/21/2021,5,5,16
4/22/2021,5,5,20
4/23/2021,5,5,13
4/24/2021,5,5,21
4/25/2021,5,5,13
4/26/2021,5,5,21
4/27/2021,5,5,18
4/28/2021,5,5,20
4/29/2021,5,5,23
4/30/2021,5,5,25
5/1/2021,5,5,25
5/2/2021,5,5,12
5/3/2021,5,5,15
5/4/2021,5,5,18
5/5/2021,5,5,22
5/6/2021,5,5,17
5/7/2021,5,5,26
5/8/2021,5,5,18
5/9/2021,5,5,14
5/10/2021,5,5,11
5/11/2021,5,5,17
5/12/2021,5,5,22
5/13/2021,5,5,16
5/14/2021,5,5,14
5/15/2021,5,5,18
5/16/2021,5,5,12
5/17/2021,5,5,16
5/18/2021,5,5,21
5/19/2021,5,5,18
5/20/2021,5,5,20
5/21/2021,5,5,20
5/22/2021,5,5,20
5/23/2021,5,5,15
5/24/2021,5,5,17
5/25/2021,5,5,11
5/26/2021,5,5,15
5/27/2021,5,5,25
5/28/2021,5,5,22
5/29/2021,5,5,29
5/30/2021,5,5,16
5/31/2021,5,5,11
6/1/2021,5,5,15
6/2/2021,5,5,24
6/3/2021,5,5,24
6/4/2021,5,5,13
6/5/2021,5,5,26
6/6/2021,5,5,6
6/7/2021,5,5,21
6/8/2021,5,5,14
6/9/2021,5,5,24
6/10/2021,5,5,18
6/11/2021,5,5,18
6/12/2021,5,5,25
6/13/2021,5,5,19
6/14/2021,5,5,13
6/15/2021,5,5,10
6/16/2021,5,5,16
6/17/2021,5,5,23
6/18/2021,5,5,26
6/19/2021,5,5,18
6/20/2021,5,5,14
6/21/2021,5,5,13
6/22/2021,5,5,12
6/23/2021,5,5,24
6/24/2021,5,5,29
6/25/2021,5,5,23
6/26/2021,5,5,22
6/27/2021,5,5,12
6/28/2021,5,5,14
6/29/2021,5,5,21
6/30/2021,5,5,21
7/1/2021,5,5,16
7/2/2021,5,5,20
7/3/2021,5,5,20
7/4/2021,5,5,13
7/5/2021,5,5,21
7/6/2021,5,5,14
7/7/2021,5,5,15
7/8/2021,5,5,15
7/9/2021,5,5,25
7/10/2021,5,5,22
7/11/2021,5,5,16
7/12/2021,5,5,25
7/13/2021,5,5,15
7/14/2021,5,5,14
7/15/2021,5,5,25
7/16/2021,5,5,15
7/17/2021,5,5,29
7/18/2021,5,5,15
7/19/2021,5,5,19
7/20/2021,5,5,13
7/21/2021,5,5,14
7/22/2021,5,5,28
7/23/2021,5,5,27
7/24/2021,5,5,29
7/25/2021,5,5,17
7/26/2021,5,5,27
7/27/2021,5,5,23
7/28/2021,5,5,19
7/29/2021,5,5,21
7/30/2021,5,5,17
7/31/2021,5,5,23
8/1/2021,5,5,17
8/2/2021,5,5,20
8/3/2021,5,5,13
8/4/2021,5,5,16
8/5/2021,5,5,16
8/6/2021,5,5,17
8/7/2021,5,5,23
8/8/2021,5,5,13
8/9/2021,5,5,14
8/10/2021,5,5,17
8/11/2021,5,5,12
8/12/2021,5,5,13
8/13/2021,5,5,22
8/14/2021,5,5,19
8/15/2021,5,5,12
8/16/2021,5,5,11
8/17/2021,5,5,16
8/18/2021,5,5,24
8/19/2021,5,5,11
8/20/2021,5,5,15
8/21/2021,5,5,21
8/22/2021,5,5,14
8/23/2021,5,5,14
8/24/2021,5,5,19
8/25/2021,5,5,12
8/26/2021,5,5,31
8/27/2021,5,5,12
8/28/2021,5,5,21
8/29/2021,5,5,15
8/30/2021,5,5,19
8/31/2021,5,5,9
9/1/2021,5,5,12
9/2/2021,5,5,25
9/3/2021,5,5,12
9/4/2021,5,5,16
9/5/2021,5,5,14
9/6/2021,5,5,11
9/7/2021,5,5,9
9/8/2021,5,5,15
9/9/2021,5,5,12
9/10/2021,5,5,19
9/11/2021,5,5,22
9/12/2021,5,5,11
9/13/2021,5,5,20
9/14/2021,5,5,26
9/15/2021,5,5,18
9/16/2021,5,5,14
9/17/2021,5,5,22
9/18/2021,5,5,21
9/19/2021,5,5,13
9/20/2021,5,5,13
9/21/2021,5,5,7
9/22/2021,5,5,16
9/23/2021,5,5,13
9/24/2021,5,5,13
9/25/2021,5,5,15
9/26/2021,5,5,11
9/27/2021,5,5,13
9/28/2021,5,5,19
9/29/2021,5,5,14
9/30/2021,5,5,19
10/1/2021,5,5,18
10/2/2021,5,5,19
10/3/2021,5,5,9
10/4/2021,5,5,19
10/5/2021,5,5,19
10/6/2021,5,5,17
10/7/2021,5,5,16
10/8/2021,5,5,14
10/9/2021,5,5,18
10/10/2021,5,5,8
10/11/2021,5,5,10
10/12/2021,5,5,8
10/13/2021,5,5,13
10/14/2021,5,5,20
10/15/2021,5,5,24
10/16/2021,5,5,19
10/17/2021,5,5,11
10/18/2021,5,5,15
10/19/2021,5,5,16
10/20/2021,5,5,22
10/21/2021,5,5,24
10/22/2021,5,5,11
10/23/2021,5,5,15
10/24/2021,5,5,8
10/25/2021,5,5,8
10/26/2021,5,5,14
10/27/2021,5,5,15
10/28/2021,5,5,13
10/29/2021,5,5,20
10/30/2021,5,5,21
10/31/2021,5,5,7
11/1/2021,5,5,11
11/2/2021,5,5,10
11/3/2021,5,5,22
11/4/2021,5,5,22
11/5/2021,5,5,17
11/6/2021,5,5,15
11/7/2021,5,5,17
11/8/2021,5,5,11
11/9/2021,5,5,14
11/10/2021,5,5,13
11/11/2021,5,5,15
11/12/2021,5,5,13
11/13/2021,5,5,21
11/14/2021,5,5,9
11/15/2021,5,5,24
11/16/2021,5,5,16
11/17/2021,5,5,16
11/18/2021,5,5,20
11/19/2021,5,5,16
11/20/2021,5,5,14
11/21/2021,5,5,12
11/22/2021,5,5,9
11/23/2021,5,5,23
11/24/2021,5,5,16
11/25/2021,5,5,13
11/26/2021,5,5,22
11/27/2021,5,5,17
11/28/2021,5,5,10
11/29/2021,5,5,13
11/30/2021,5,5,20
12/1/2021,5,5,8
12/2/2021,5,5,12
12/3/2021,5,5,12
12/4/2021,5,5,10
12/5/2021,5,5,12
12/6/2021,5,5,11
12/7/2021,5,5,9
12/8/2021,5,5,7
12/9/2021,5,5,12
12/10/2021,5,5,21
12/11/2021,5,5,12
12/12/2021,5,5,10
12/13/2021,5,5,7
12/14/2021,5,5,12
12/15/2021,5,5,16
12/16/2021,5,5,12
12/17/2021,5,5,23
12/18/2021,5,5,19
12/19/2021,5,5,8
12/20/2021,5,5,8
12/21/2021,5,5,10
12/22/2021,5,5,10
12/23/2021,5,5,9
12/24/2021,5,5,15
12/25/2021,5,5,14
12/26/2021,5,5,7
12/27/2021,5,5,8
12/28/2021,5,5,7
12/29/2021,5,5,12
12/30/2021,5,5,10
12/31/2021,5,5,8
1/1/2022,5,5,14
1/2/2022,5,5,16
1/3/2022,5,5,9
1/4/2022,5,5,8
1/5/2022,5,5,9
1/6/2022,5,5,14
1/7/2022,5,5,11
1/8/2022,5,5,18
1/9/2022,5,5,11
1/10/2022,5,5,9
1/11/2022,5,5,8
1/12/2022,5,5,16
1/13/2022,5,5,7
1/14/2022,5,5,14
1/15/2022,5,5,14
1/16/2022,5,5,12
1/17/2022,5,5,9
1/18/2022,5,5,8
1/19/2022,5,5,6
1/20/2022,5,5,17
1/21/2022,5,5,6
1/22/2022,5,5,14
1/23/2022,5,5,8
1/24/2022,5,5,11
1/25/2022,5,5,13
1/26/2022,5,5,18
1/27/2022,5,5,15
1/28/2022,5,5,14
1/29/2022,5,5,9
1/30/2022,5,5,9
1/31/2022,5,5,10
2/1/2022,5,5,10
2/2/2022,5,5,17
2/3/2022,5,5,5
2/4/2022,5,5,13
2/5/2022,5,5,10
2/6/2022,5,5,15
2/7/2022,5,5,11
2/8/2022,5,5,17
2/9/2022,5,5,12
2/10/2022,5,5,13
2/11/2022,5,5,15
2/12/2022,5,5,10
2/13/2022,5,5,12
2/14/2022,5,5,15
2/15/2022,5,5,6
2/16/2022,5,5,12
2/17/2022,5,5,10
2/18/2022,5,5,23
2/19/2022,5,5,14
2/20/2022,5,5,11
2/21/2022,5,5,12
2/22/2022,5,5,15
2/23/2022,5,5,9
2/24/2022,5,5,14
2/25/2022,5,5,13
2/26/2022,5,5,15
2/27/2022,5,5,6
2/28/2022,5,5,7
3/1/2022,5,5,13
3/2/2022,5,5,18
3/3/2022,5,5,10
3/4/2022,5,5,17
3/5/2022,5,5,19
3/6/2022,5,5,10
3/7/2022,5,5,18
3/8/2022,5,5,14
3/9/2022,5,5,8
3/10/2022,5,5,18
3/11/2022,5,5,13
3/12/2022,5,5,13
3/13/2022,5,5,14
3/14/2022,5,5,15
3/15/2022,5,5,7
3/16/2022,5,5,11
3/17/2022,5,5,22
3/18/2022,5,5,15
3/19/2022,5,5,17
3/20/2022,5,5,9
3/21/2022,5,5,16
3/22/2022,5,5,16
3/23/2022,5,5,13
3/24/2022,5,5,18
3/25/2022,5,5,19
3/26/2022,5,5,21
3/27/2022,5,5,13
3/28/2022,5,5,15
3/29/2022,5,5,15
3/30/2022,5,5,16
3/31/2022,5,5,14
4/1/2022,5,5,18
4/2/2022,5,5,20
4/3/2022,5,5,13
4/4/2022,5,5,21
4/5/2022,5,5,16
4/6/2022,5,5,22
4/7/2022,5,5,16
4/8/2022,5,5,23
4/9/2022,5,5,20
4/10/2022,5,5,10
4/11/2022,5,5,16
4/12/2022,5,5,13
4/13/2022,5,5,11
4/14/2022,5,5,16
4/15/2022,5,5,19
4/16/2022,5,5,24
4/17/2022,5,5,15
4/18/2022,5,5,9
4/19/2022,5,5,14
4/20/2022,5,5,20
4/21/2022,5,5,25
4/22/2022,5,5,10
4/23/2022,5,5,21
4/24/2022,5,5,20
4/25/2022,5,5,19
4/26/2022,5,5,12
4/27/2022,5,5,15
4/28/2022,5,5,17
4/29/2022,5,5,13
4/30/2022,5,5,23
5/1/2022,5,5,22
5/2/2022,5,5,18
5/3/2022,5,5,21
5/4/2022,5,5,19
5/5/2022,5,5,22
5/6/2022,5,5,16
5/7/2022,5,5,19
5/8/2022,5,5,8
5/9/2022,5,5,14
5/10/2022,5,5,18
5/11/2022,5,5,13
5/12/2022,5,5,21
5/13/2022,5,5,25
5/14/2022,5,5,20
5/15/2022,5,5,18
5/16/2022,5,5,16
5/17/2022,5,5,13
5/18/2022,5,5,19
5/19/2022,5,5,21
5/20/2022,5,5,17
5/21/2022,5,5,24
5/22/2022,5,5,14
5/23/2022,5,5,25
5/24/2022,5,5,19
5/25/2022,5,5,17
5/26/2022,5,5,16
5/27/2022,5,5,15
5/28/2022,5,5,17
5/29/2022,5,5,9
5/30/2022,5,5,11
5/31/2022,5,5,17
6/1/2022,5,5,15
6/2/2022,5,5,18
6/3/2022,5,5,23
6/4/2022,5,5,32
6/5/2022,5,5,11
6/6/2022,5,5,19
6/7/2022,5,5,20
6/8/2022,5,5,18
6/9/2022,5,5,16
6/10/2022,5,5,17
6/11/2022,5,5,22
6/12/2022,5,5,17
6/13/2022,5,5,17
6/14/2022,5,5,14
6/15/2022,5,5,23
6/16/2022,5,5,25
6/17/2022,5,5,22
6/18/2022,5,5,24
6/19/2022,5,5,13
6/20/2022,5,5,13
6/21/2022,5,5,21
6/22/2022,5,5,11
6/23/2022,5,5,16
6/24/2022,5,5,24
6/25/2022,5,5,18
6/26/2022,5,5,15
6/27/2022,5,5,16
6/28/2022,5,5,17
6/29/2022,5,5,22
6/30/2022,5,5,26
7/1/2022,5,5,22
7/2/2022,5,5,28
7/3/2022,5,5,18
7/4/2022,5,5,21
7/5/2022,5,5,26
7/6/2022,5,5,22
7/7/2022,5,5,23
7/8/2022,5,5,29
7/9/2022,5,5,33
7/10/2022,5,5,22
7/11/2022,5,5,22
7/12/2022,5,5,22
7/13/2022,5,5,20
7/14/2022,5,5,19
7/15/2022,5,5,24
7/16/2022,5,5,23
7/17/2022,5,5,28
7/18/2022,5,5,25
7/19/2022,5,5,17
7/20/2022,5,5,32
7/21/2022,5,5,29
7/22/2022,5,5,29
7/23/2022,5,5,22
7/24/2022,5,5,12
7/25/2022,5,5,19
7/26/2022,5,5,18
7/27/2022,5,5,23
7/28/2022,5,5,12
7/29/2022,5,5,17
7/30/2022,5,5,18
7/31/2022,5,5,17
8/1/2022,5,5,21
8/2/2022,5,5,21
8/3/2022,5,5,19
8/4/2022,5,5,16
8/5/2022,5,5,22
8/6/2022,5,5,16
8/7/2022,5,5,9
8/8/2022,5,5,19
8/9/2022,5,5,13
8/10/2022,5,5,22
8/11/2022,5,5,17
8/12/2022,5,5,18
8/13/2022,5,5,14
8/14/2022,5,5,11
8/15/2022,5,5,17
8/16/2022,5,5,15
8/17/2022,5,5,14
8/18/2022,5,5,13
8/19/2022,5,5,23
8/20/2022,5,5,13
8/21/2022,5,5,13
8/22/2022,5,5,21
8/23/2022,5,5,13
8/24/2022,5,5,16
8/25/2022,5,5,26
8/26/2022,5,5,18
8/27/2022,5,5,12
8/28/2022,5,5,23
8/29/2022,5,5,21
8/30/2022,5,5,18
8/31/2022,5,5,19
9/1/2022,5,5,17
9/2/2022,5,5,18
9/3/2022,5,5,22
9/4/2022,5,5,20
9/5/2022,5,5,24
9/6/2022,5,5,20
9/7/2022,5,5,16
9/8/2022,5,5,13
9/9/2022,5,5,18
9/10/2022,5,5,20
9/11/2022,5,5,14
9/12/2022,5,5,17
9/13/2022,5,5,15
9/14/2022,5,5,15
9/15/2022,5,5,17
9/16/2022,5,5,13
9/17/2022,5,5,25
9/18/2022,5,5,13
9/19/2022,5,5,15
9/20/2022,5,5,13
9/21/2022,5,5,15
9/22/2022,5,5,16
9/23/2022,5,5,17
9/24/2022,5,5,26
9/25/2022,5,5,5
9/26/2022,5,5,13
9/27/2022,5,5,21
9/28/2022,5,5,12
9/29/2022,5,5,13
9/30/2022,5,5,17
10/1/2022,5,5,20
10/2/2022,5,5,16
10/3/2022,5,5,14
10/4/2022,5,5,10
10/5/2022,5,5,9
10/6/2022,5,5,20
10/7/2022,5,5,13
10/8/2022,5,5,19
10/9/2022,5,5,11
10/10/2022,5,5,25
10/11/2022,5,5,15
10/12/2022,5,5,14
10/13/2022,5,5,13
10/14/2022,5,5,26
10/15/2022,5,5,15
10/16/2022,5,5,14
10/17/2022,5,5,17
10/18/2022,5,5,12
10/19/2022,5,5,15
10/20/2022,5,5,9
10/21/2022,5,5,20
10/22/2022,5,5,12
10/23/2022,5,5,12
10/24/2022,5,5,18
10/25/2022,5,5,14
10/26/2022,5,5,16
10/27/2022,5,5,15
10/28/2022,5,5,22
10/29/2022,5,5,17
10/30/2022,5,5,11
10/31/2022,5,5,5
11/1/2022,5,5,22
11/2/2022,5,5,17
11/3/2022,5,5,25
11/4/2022,5,5,18
11/5/2022,5,5,20
11/6/2022,5,5,14
11/7/2022,5,5,13
11/8/2022,5,5,18
11/9/2022,5,5,19
11/10/2022,5,5,16
11/11/2022,5,5,15
11/12/2022,5,5,22
11/13/2022,5,5,13
11/14/2022,5,5,9
11/15/2022,5,5,15
11/16/2022,5,5,16
11/17/2022,5,5,10
11/18/2022,5,5,18
11/19/2022,5,5,24
11/20/2022,5,5,12
11/21/2022,5,5,9
11/22/2022,5,5,15
11/23/2022,5,5,13
11/24/2022,5,5,28
11/25/2022,5,5,25
11/26/2022,5,5,18
11/27/2022,5,5,16
11/28/2022,5,5,16
11/29/2022,5,5,10
11/30/2022,5,5,19
12/1/2022,5,5,12
12/2/2022,5,5,17
12/3/2022,5,5,20
12/4/2022,5,5,12
12/5/2022,5,5,11
12/6/2022,5,5,11
12/7/2022,5,5,17
12/8/2022,5,5,14
12/9/2022,5,5,15
12/10/2022,5,5,13
12/11/2022,5,5,8
12/12/2022,5,5,11
12/13/2022,5,5,14
12/14/2022,5,5,7
12/15/2022,5,5,14
12/16/2022,5,5,12
12/17/2022,5,5,16
12/18/2022,5,5,12
12/19/2022,5,5,11
12/20/2022,5,5,14
12/21/2022,5,5,13
12/22/2022,5,5,9
12/23/2022,5,5,18
12/24/2022,5,5,10
12/25/2022,5,5,7
12/26/2022,5,5,14
12/27/2022,5,5,16
12/28/2022,5,5,10
12/29/2022,5,5,13
12/30/2022,5,5,11
12/31/2022,5,5,17
1/1/2018,6,5,4
1/2/2018,6,5,9
1/3/2018,6,5,10
1/4/2018,6,5,5
1/5/2018,6,5,8
1/6/2018,6,5,7
1/7/2018,6,5,3
1/8/2018,6,5,5
1/9/2018,6,5,6
1/10/2018,6,5,11
1/11/2018,6,5,2
1/12/2018,6,5,9
1/13/2018,6,5,10
1/14/2018,6,5,11
1/15/2018,6,5,9
1/16/2018,6,5,7
1/17/2018,6,5,5
1/18/2018,6,5,6
1/19/2018,6,5,13
1/20/2018,6,5,9
1/21/2018,6,5,4
1/22/2018,6,5,6
1/23/2018,6,5,7
1/24/2018,6,5,10
1/25/2018,6,5,6
1/26/2018,6,5,11
1/27/2018,6,5,14
1/28/2018,6,5,7
1/29/2018,6,5,7
1/30/2018,6,5,5
1/31/2018,6,5,8
2/1/2018,6,5,9
2/2/2018,6,5,9
2/3/2018,6,5,11
2/4/2018,6,5,7
2/5/2018,6,5,9
2/6/2018,6,5,5
2/7/2018,6,5,9
2/8/2018,6,5,12
2/9/2018,6,5,10
2/10/2018,6,5,6
2/11/2018,6,5,7
2/12/2018,6,5,5
2/13/2018,6,5,10
2/14/2018,6,5,8
2/15/2018,6,5,11
2/16/2018,6,5,13
2/17/2018,6,5,11
2/18/2018,6,5,8
2/19/2018,6,5,4
2/20/2018,6,5,5
2/21/2018,6,5,11
2/22/2018,6,5,8
2/23/2018,6,5,13
2/24/2018,6,5,8
2/25/2018,6,5,9
2/26/2018,6,5,10
2/27/2018,6,5,5
2/28/2018,6,5,15
3/1/2018,6,5,20
3/2/2018,6,5,5
3/3/2018,6,5,13
3/4/2018,6,5,9
3/5/2018,6,5,9
3/6/2018,6,5,15
3/7/2018,6,5,11
3/8/2018,6,5,11
3/9/2018,6,5,14
3/10/2018,6,5,14
3/11/2018,6,5,14
3/12/2018,6,5,10
3/13/2018,6,5,11
3/14/2018,6,5,10
3/15/2018,6,5,15
3/16/2018,6,5,10
3/17/2018,6,5,8
3/18/2018,6,5,5
3/19/2018,6,5,8
3/20/2018,6,5,7
3/21/2018,6,5,9
3/22/2018,6,5,11
3/23/2018,6,5,11
3/24/2018,6,5,12
3/25/2018,6,5,10
3/26/2018,6,5,8
3/27/2018,6,5,13
3/28/2018,6,5,9
3/29/2018,6,5,11
3/30/2018,6,5,16
3/31/2018,6,5,8
4/1/2018,6,5,13
4/2/2018,6,5,6
4/3/2018,6,5,14
4/4/2018,6,5,13
4/5/2018,6,5,13
4/6/2018,6,5,18
4/7/2018,6,5,11
4/8/2018,6,5,9
4/9/2018,6,5,11
4/10/2018,6,5,9
4/11/2018,6,5,17
4/12/2018,6,5,11
4/13/2018,6,5,8
4/14/2018,6,5,15
4/15/2018,6,5,8
4/16/2018,6,5,9
4/17/2018,6,5,7
4/18/2018,6,5,13
4/19/2018,6,5,16
4/20/2018,6,5,9
4/21/2018,6,5,14
4/22/2018,6,5,7
4/23/2018,6,5,6
4/24/2018,6,5,8
4/25/2018,6,5,14
4/26/2018,6,5,9
4/27/2018,6,5,18
4/28/2018,6,5,21
4/29/2018,6,5,16
4/30/2018,6,5,11
5/1/2018,6,5,12
5/2/2018,6,5,8
5/3/2018,6,5,7
5/4/2018,6,5,9
5/5/2018,6,5,15
5/6/2018,6,5,11
5/7/2018,6,5,11
5/8/2018,6,5,11
5/9/2018,6,5,15
5/10/2018,6,5,14
5/11/2018,6,5,13
5/12/2018,6,5,8
5/13/2018,6,5,13
5/14/2018,6,5,15
5/15/2018,6,5,11
5/16/2018,6,5,20
5/17/2018,6,5,17
5/18/2018,6,5,13
5/19/2018,6,5,13
5/20/2018,6,5,14
5/21/2018,6,5,14
5/22/2018,6,5,6
5/23/2018,6,5,11
5/24/2018,6,5,14
5/25/2018,6,5,12
5/26/2018,6,5,13
5/27/2018,6,5,10
5/28/2018,6,5,11
5/29/2018,6,5,3
5/30/2018,6,5,13
5/31/2018,6,5,12
6/1/2018,6,5,20
6/2/2018,6,5,17
6/3/2018,6,5,7
6/4/2018,6,5,14
6/5/2018,6,5,12
6/6/2018,6,5,18
6/7/2018,6,5,11
6/8/2018,6,5,17
6/9/2018,6,5,16
6/10/2018,6,5,5
6/11/2018,6,5,11
6/12/2018,6,5,24
6/13/2018,6,5,13
6/14/2018,6,5,14
6/15/2018,6,5,18
6/16/2018,6,5,17
6/17/2018,6,5,12
6/18/2018,6,5,12
6/19/2018,6,5,10
6/20/2018,6,5,18
6/21/2018,6,5,9
6/22/2018,6,5,14
6/23/2018,6,5,20
6/24/2018,6,5,9
6/25/2018,6,5,10
6/26/2018,6,5,14
6/27/2018,6,5,16
6/28/2018,6,5,16
6/29/2018,6,5,16
6/30/2018,6,5,18
7/1/2018,6,5,12
7/2/2018,6,5,26
7/3/2018,6,5,20
7/4/2018,6,5,11
7/5/2018,6,5,15
7/6/2018,6,5,18
7/7/2018,6,5,15
7/8/2018,6,5,11
7/9/2018,6,5,15
7/10/2018,6,5,7
7/11/2018,6,5,13
7/12/2018,6,5,11
7/13/2018,6,5,26
7/14/2018,6,5,21
7/15/2018,6,5,8
7/16/2018,6,5,15
7/17/2018,6,5,9
7/18/2018,6,5,9
7/19/2018,6,5,18
7/20/2018,6,5,19
7/21/2018,6,5,17
7/22/2018,6,5,10
7/23/2018,6,5,20
7/24/2018,6,5,20
7/25/2018,6,5,13
7/26/2018,6,5,19
7/27/2018,6,5,15
7/28/2018,6,5,14
7/29/2018,6,5,16
7/30/2018,6,5,8
7/31/2018,6,5,12
8/1/2018,6,5,7
8/2/2018,6,5,15
8/3/2018,6,5,12
8/4/2018,6,5,9
8/5/2018,6,5,14
8/6/2018,6,5,12
8/7/2018,6,5,12
8/8/2018,6,5,9
8/9/2018,6,5,15
8/10/2018,6,5,16
8/11/2018,6,5,13
8/12/2018,6,5,19
8/13/2018,6,5,9
8/14/2018,6,5,13
8/15/2018,6,5,13
8/16/2018,6,5,11
8/17/2018,6,5,17
8/18/2018,6,5,21
8/19/2018,6,5,8
8/20/2018,6,5,10
8/21/2018,6,5,5
8/22/2018,6,5,19
8/23/2018,6,5,15
8/24/2018,6,5,15
8/25/2018,6,5,18
8/26/2018,6,5,13
8/27/2018,6,5,18
8/28/2018,6,5,15
8/29/2018,6,5,11
8/30/2018,6,5,13
8/31/2018,6,5,11
9/1/2018,6,5,12
9/2/2018,6,5,14
9/3/2018,6,5,11
9/4/2018,6,5,15
9/5/2018,6,5,17
9/6/2018,6,5,13
9/7/2018,6,5,19
9/8/2018,6,5,15
9/9/2018,6,5,12
9/10/2018,6,5,16
9/11/2018,6,5,9
9/12/2018,6,5,13
9/13/2018,6,5,16
9/14/2018,6,5,17
9/15/2018,6,5,13
9/16/2018,6,5,13
9/17/2018,6,5,11
9/18/2018,6,5,16
9/19/2018,6,5,11
9/20/2018,6,5,11
9/21/2018,6,5,13
9/22/2018,6,5,14
9/23/2018,6,5,13
9/24/2018,6,5,12
9/25/2018,6,5,11
9/26/2018,6,5,13
9/27/2018,6,5,9
9/28/2018,6,5,14
9/29/2018,6,5,12
9/30/2018,6,5,7
10/1/2018,6,5,9
10/2/2018,6,5,13
10/3/2018,6,5,8
10/4/2018,6,5,16
10/5/2018,6,5,15
10/6/2018,6,5,12
10/7/2018,6,5,8
10/8/2018,6,5,10
10/9/2018,6,5,10
10/10/2018,6,5,17
10/11/2018,6,5,14
10/12/2018,6,5,16
10/13/2018,6,5,11
10/14/2018,6,5,6
10/15/2018,6,5,9
10/16/2018,6,5,8
10/17/2018,6,5,10
10/18/2018,6,5,18
10/19/2018,6,5,14
10/20/2018,6,5,12
10/21/2018,6,5,8
10/22/2018,6,5,11
10/23/2018,6,5,14
10/24/2018,6,5,19
10/25/2018,6,5,12
10/26/2018,6,5,17
10/27/2018,6,5,11
10/28/2018,6,5,14
10/29/2018,6,5,13
10/30/2018,6,5,7
10/31/2018,6,5,8
11/1/2018,6,5,12
11/2/2018,6,5,12
11/3/2018,6,5,13
11/4/2018,6,5,6
11/5/2018,6,5,7
11/6/2018,6,5,14
11/7/2018,6,5,14
11/8/2018,6,5,16
11/9/2018,6,5,7
11/10/2018,6,5,15
11/11/2018,6,5,14
11/12/2018,6,5,10
11/13/2018,6,5,15
11/14/2018,6,5,12
11/15/2018,6,5,11
11/16/2018,6,5,9
11/17/2018,6,5,12
11/18/2018,6,5,4
11/19/2018,6,5,10
11/20/2018,6,5,7
11/21/2018,6,5,13
11/22/2018,6,5,13
11/23/2018,6,5,20
11/24/2018,6,5,19
11/25/2018,6,5,13
11/26/2018,6,5,12
11/27/2018,6,5,18
11/28/2018,6,5,8
11/29/2018,6,5,10
11/30/2018,6,5,11
12/1/2018,6,5,8
12/2/2018,6,5,10
12/3/2018,6,5,4
12/4/2018,6,5,8
12/5/2018,6,5,7
12/6/2018,6,5,9
12/7/2018,6,5,6
12/8/2018,6,5,12
12/9/2018,6,5,10
12/10/2018,6,5,8
12/11/2018,6,5,6
12/12/2018,6,5,8
12/13/2018,6,5,8
12/14/2018,6,5,6
12/15/2018,6,5,8
12/16/2018,6,5,8
12/17/2018,6,5,4
12/18/2018,6,5,6
12/19/2018,6,5,10
12/20/2018,6,5,8
12/21/2018,6,5,8
12/22/2018,6,5,12
12/23/2018,6,5,5
12/24/2018,6,5,3
12/25/2018,6,5,12
12/26/2018,6,5,11
12/27/2018,6,5,8
12/28/2018,6,5,12
12/29/2018,6,5,9
12/30/2018,6,5,3
12/31/2018,6,5,8
1/1/2019,6,5,11
1/2/2019,6,5,6
1/3/2019,6,5,5
1/4/2019,6,5,8
1/5/2019,6,5,9
1/6/2019,6,5,3
1/7/2019,6,5,6
1/8/2019,6,5,7
1/9/2019,6,5,8
1/10/2019,6,5,10
1/11/2019,6,5,8
1/12/2019,6,5,15
1/13/2019,6,5,8
1/14/2019,6,5,14
1/15/2019,6,5,14
1/16/2019,6,5,8
1/17/2019,6,5,9
1/18/2019,6,5,7
1/19/2019,6,5,8
1/20/2019,6,5,2
1/21/2019,6,5,7
1/22/2019,6,5,7
1/23/2019,6,5,8
1/24/2019,6,5,5
1/25/2019,6,5,8
1/26/2019,6,5,5
1/27/2019,6,5,8
1/28/2019,6,5,9
1/29/2019,6,5,10
1/30/2019,6,5,14
1/31/2019,6,5,6
2/1/2019,6,5,13
2/2/2019,6,5,6
2/3/2019,6,5,2
2/4/2019,6,5,10
2/5/2019,6,5,12
2/6/2019,6,5,19
2/7/2019,6,5,13
2/8/2019,6,5,12
2/9/2019,6,5,12
2/10/2019,6,5,8
2/11/2019,6,5,11
2/12/2019,6,5,5
2/13/2019,6,5,7
2/14/2019,6,5,12
2/15/2019,6,5,9
2/16/2019,6,5,13
2/17/2019,6,5,5
2/18/2019,6,5,7
2/19/2019,6,5,16
2/20/2019,6,5,6
2/21/2019,6,5,9
2/22/2019,6,5,9
2/23/2019,6,5,14
2/24/2019,6,5,4
2/25/2019,6,5,8
2/26/2019,6,5,7
2/27/2019,6,5,21
2/28/2019,6,5,8
3/1/2019,6,5,13
3/2/2019,6,5,10
3/3/2019,6,5,11
3/4/2019,6,5,10
3/5/2019,6,5,13
3/6/2019,6,5,12
3/7/2019,6,5,9
3/8/2019,6,5,20
3/9/2019,6,5,17
3/10/2019,6,5,5
3/11/2019,6,5,7
3/12/2019,6,5,9
3/13/2019,6,5,9
3/14/2019,6,5,12
3/15/2019,6,5,14
3/16/2019,6,5,11
3/17/2019,6,5,8
3/18/2019,6,5,15
3/19/2019,6,5,11
3/20/2019,6,5,8
3/21/2019,6,5,16
3/22/2019,6,5,15
3/23/2019,6,5,13
3/24/2019,6,5,10
3/25/2019,6,5,11
3/26/2019,6,5,10
3/27/2019,6,5,10
3/28/2019,6,5,9
3/29/2019,6,5,12
3/30/2019,6,5,25
3/31/2019,6,5,4
4/1/2019,6,5,9
4/2/2019,6,5,15
4/3/2019,6,5,15
4/4/2019,6,5,10
4/5/2019,6,5,17
4/6/2019,6,5,16
4/7/2019,6,5,11
4/8/2019,6,5,10
4/9/2019,6,5,17
4/10/2019,6,5,15
4/11/2019,6,5,15
4/12/2019,6,5,18
4/13/2019,6,5,16
4/14/2019,6,5,14
4/15/2019,6,5,18
4/16/2019,6,5,20
4/17/2019,6,5,27
4/18/2019,6,5,17
4/19/2019,6,5,16
4/20/2019,6,5,23
4/21/2019,6,5,9
4/22/2019,6,5,13
4/23/2019,6,5,13
4/24/2019,6,5,18
4/25/2019,6,5,20
4/26/2019,6,5,11
4/27/2019,6,5,15
4/28/2019,6,5,12
4/29/2019,6,5,12
4/30/2019,6,5,15
5/1/2019,6,5,21
5/2/2019,6,5,15
5/3/2019,6,5,16
5/4/2019,6,5,18
5/5/2019,6,5,15
5/6/2019,6,5,18
5/7/2019,6,5,17
5/8/2019,6,5,13
5/9/2019,6,5,20
5/10/2019,6,5,20
5/11/2019,6,5,12
5/12/2019,6,5,12
5/13/2019,6,5,11
5/14/2019,6,5,21
5/15/2019,6,5,11
5/16/2019,6,5,18
5/17/2019,6,5,22
5/18/2019,6,5,26
5/19/2019,6,5,12
5/20/2019,6,5,14
5/21/2019,6,5,17
5/22/2019,6,5,9
5/23/2019,6,5,21
5/24/2019,6,5,20
5/25/2019,6,5,13
5/26/2019,6,5,11
5/27/2019,6,5,12
5/28/2019,6,5,12
5/29/2019,6,5,16
5/30/2019,6,5,9
5/31/2019,6,5,20
6/1/2019,6,5,22
6/2/2019,6,5,15
6/3/2019,6,5,12
6/4/2019,6,5,12
6/5/2019,6,5,21
6/6/2019,6,5,16
6/7/2019,6,5,14
6/8/2019,6,5,14
6/9/2019,6,5,15
6/10/2019,6,5,16
6/11/2019,6,5,17
6/12/2019,6,5,17
6/13/2019,6,5,25
6/14/2019,6,5,16
6/15/2019,6,5,16
6/16/2019,6,5,18
6/17/2019,6,5,12
6/18/2019,6,5,17
6/19/2019,6,5,13
6/20/2019,6,5,13
6/21/2019,6,5,17
6/22/2019,6,5,27
6/23/2019,6,5,10
6/24/2019,6,5,18
6/25/2019,6,5,13
6/26/2019,6,5,16
6/27/2019,6,5,10
6/28/2019,6,5,13
6/29/2019,6,5,24
6/30/2019,6,5,16
7/1/2019,6,5,13
7/2/2019,6,5,19
7/3/2019,6,5,21
7/4/2019,6,5,12
7/5/2019,6,5,17
7/6/2019,6,5,25
7/7/2019,6,5,14
7/8/2019,6,5,10
7/9/2019,6,5,19
7/10/2019,6,5,21
7/11/2019,6,5,18
7/12/2019,6,5,23
7/13/2019,6,5,24
7/14/2019,6,5,12
7/15/2019,6,5,14
7/16/2019,6,5,9
7/17/2019,6,5,13
7/18/2019,6,5,16
7/19/2019,6,5,19
7/20/2019,6,5,16
7/21/2019,6,5,18
7/22/2019,6,5,13
7/23/2019,6,5,27
7/24/2019,6,5,21
7/25/2019,6,5,20
7/26/2019,6,5,25
7/27/2019,6,5,21
7/28/2019,6,5,9
7/29/2019,6,5,9
7/30/2019,6,5,12
7/31/2019,6,5,18
8/1/2019,6,5,12
8/2/2019,6,5,20
8/3/2019,6,5,16
8/4/2019,6,5,7
8/5/2019,6,5,18
8/6/2019,6,5,20
8/7/2019,6,5,14
8/8/2019,6,5,14
8/9/2019,6,5,17
8/10/2019,6,5,15
8/11/2019,6,5,16
8/12/2019,6,5,19
8/13/2019,6,5,11
8/14/2019,6,5,18
8/15/2019,6,5,11
8/16/2019,6,5,13
8/17/2019,6,5,25
8/18/2019,6,5,11
8/19/2019,6,5,8
8/20/2019,6,5,20
8/21/2019,6,5,12
8/22/2019,6,5,13
8/23/2019,6,5,18
8/24/2019,6,5,19
8/25/2019,6,5,8
8/26/2019,6,5,9
8/27/2019,6,5,12
8/28/2019,6,5,18
8/29/2019,6,5,14
8/30/2019,6,5,17
8/31/2019,6,5,22
9/1/2019,6,5,12
9/2/2019,6,5,17
9/3/2019,6,5,19
9/4/2019,6,5,16
9/5/2019,6,5,13
9/6/2019,6,5,20
9/7/2019,6,5,19
9/8/2019,6,5,15
9/9/2019,6,5,18
9/10/2019,6,5,9
9/11/2019,6,5,11
9/12/2019,6,5,15
9/13/2019,6,5,19
9/14/2019,6,5,23
9/15/2019,6,5,7
9/16/2019,6,5,9
9/17/2019,6,5,15
9/18/2019,6,5,16
9/19/2019,6,5,15
9/20/2019,6,5,12
9/21/2019,6,5,17
9/22/2019,6,5,6
9/23/2019,6,5,18
9/24/2019,6,5,16
9/25/2019,6,5,12
9/26/2019,6,5,6
9/27/2019,6,5,12
9/28/2019,6,5,9
9/29/2019,6,5,11
9/30/2019,6,5,10
10/1/2019,6,5,14
10/2/2019,6,5,14
10/3/2019,6,5,10
10/4/2019,6,5,5
10/5/2019,6,5,11
10/6/2019,6,5,13
10/7/2019,6,5,9
10/8/2019,6,5,9
10/9/2019,6,5,13
10/10/2019,6,5,8
10/11/2019,6,5,14
10/12/2019,6,5,7
10/13/2019,6,5,9
10/14/2019,6,5,11
10/15/2019,6,5,14
10/16/2019,6,5,12
10/17/2019,6,5,12
10/18/2019,6,5,17
10/19/2019,6,5,15
10/20/2019,6,5,8
10/21/2019,6,5,12
10/22/2019,6,5,20
10/23/2019,6,5,15
10/24/2019,6,5,15
10/25/2019,6,5,18
10/26/2019,6,5,10
10/27/2019,6,5,3
10/28/2019,6,5,10
10/29/2019,6,5,9
10/30/2019,6,5,11
10/31/2019,6,5,14
11/1/2019,6,5,13
11/2/2019,6,5,13
11/3/2019,6,5,18
11/4/2019,6,5,10
11/5/2019,6,5,15
11/6/2019,6,5,15
11/7/2019,6,5,18
11/8/2019,6,5,19
11/9/2019,6,5,22
11/10/2019,6,5,11
11/11/2019,6,5,11
11/12/2019,6,5,8
11/13/2019,6,5,12
11/14/2019,6,5,19
11/15/2019,6,5,14
11/16/2019,6,5,20
11/17/2019,6,5,8
11/18/2019,6,5,19
11/19/2019,6,5,22
11/20/2019,6,5,14
11/21/2019,6,5,12
11/22/2019,6,5,17
11/23/2019,6,5,12
11/24/2019,6,5,8
11/25/2019,6,5,7
11/26/2019,6,5,15
11/27/2019,6,5,13
11/28/2019,6,5,13
11/29/2019,6,5,10
11/30/2019,6,5,18
12/1/2019,6,5,4
12/2/2019,6,5,8
12/3/2019,6,5,12
12/4/2019,6,5,10
12/5/2019,6,5,11
12/6/2019,6,5,9
12/7/2019,6,5,7
12/8/2019,6,5,10
12/9/2019,6,5,11
12/10/2019,6,5,9
12/11/2019,6,5,4
12/12/2019,6,5,14
12/13/2019,6,5,9
12/14/2019,6,5,11
12/15/2019,6,5,14
12/16/2019,6,5,7
12/17/2019,6,5,8
12/18/2019,6,5,5
12/19/2019,6,5,10
12/20/2019,6,5,10
12/21/2019,6,5,13
12/22/2019,6,5,9
12/23/2019,6,5,14
12/24/2019,6,5,6
12/25/2019,6,5,7
12/26/2019,6,5,8
12/27/2019,6,5,10
12/28/2019,6,5,8
12/29/2019,6,5,13
12/30/2019,6,5,11
12/31/2019,6,5,6
1/1/2020,6,5,7
1/2/2020,6,5,12
1/3/2020,6,5,8
1/4/2020,6,5,9
1/5/2020,6,5,9
1/6/2020,6,5,10
1/7/2020,6,5,8
1/8/2020,6,5,8
1/9/2020,6,5,16
1/10/2020,6,5,8
1/11/2020,6,5,10
1/12/2020,6,5,10
1/13/2020,6,5,11
1/14/2020,6,5,7
1/15/2020,6,5,8
1/16/2020,6,5,13
1/17/2020,6,5,7
1/18/2020,6,5,13
1/19/2020,6,5,8
1/20/2020,6,5,7
1/21/2020,6,5,9
1/22/2020,6,5,8
1/23/2020,6,5,13
1/24/2020,6,5,8
1/25/2020,6,5,11
1/26/2020,6,5,15
1/27/2020,6,5,10
1/28/2020,6,5,5
1/29/2020,6,5,6
1/30/2020,6,5,10
1/31/2020,6,5,8
2/1/2020,6,5,12
2/2/2020,6,5,12
2/3/2020,6,5,10
2/4/2020,6,5,10
2/5/2020,6,5,11
2/6/2020,6,5,19
2/7/2020,6,5,11
2/8/2020,6,5,18
2/9/2020,6,5,11
2/10/2020,6,5,7
2/11/2020,6,5,8
2/12/2020,6,5,4
2/13/2020,6,5,6
2/14/2020,6,5,13
2/15/2020,6,5,6
2/16/2020,6,5,10
2/17/2020,6,5,9
2/18/2020,6,5,13
2/19/2020,6,5,3
2/20/2020,6,5,9
2/21/2020,6,5,8
2/22/2020,6,5,8
2/23/2020,6,5,2
2/24/2020,6,5,11
2/25/2020,6,5,16
2/26/2020,6,5,12
2/27/2020,6,5,12
2/28/2020,6,5,6
3/1/2020,6,5,15
3/2/2020,6,5,6
3/3/2020,6,5,11
3/4/2020,6,5,15
3/5/2020,6,5,12
3/6/2020,6,5,14
3/7/2020,6,5,17
3/8/2020,6,5,13
3/9/2020,6,5,8
3/10/2020,6,5,7
3/11/2020,6,5,17
3/12/2020,6,5,13
3/13/2020,6,5,14
3/14/2020,6,5,15
3/15/2020,6,5,14
3/16/2020,6,5,11
3/17/2020,6,5,11
3/18/2020,6,5,11
3/19/2020,6,5,20
3/20/2020,6,5,15
3/21/2020,6,5,11
3/22/2020,6,5,14
3/23/2020,6,5,8
3/24/2020,6,5,5
3/25/2020,6,5,11
3/26/2020,6,5,12
3/27/2020,6,5,10
3/28/2020,6,5,12
3/29/2020,6,5,13
3/30/2020,6,5,12
3/31/2020,6,5,13
4/1/2020,6,5,13
4/2/2020,6,5,12
4/3/2020,6,5,17
4/4/2020,6,5,14
4/5/2020,6,5,22
4/6/2020,6,5,14
4/7/2020,6,5,17
4/8/2020,6,5,8
4/9/2020,6,5,17
4/10/2020,6,5,16
4/11/2020,6,5,16
4/12/2020,6,5,22
4/13/2020,6,5,16
4/14/2020,6,5,20
4/15/2020,6,5,20
4/16/2020,6,5,22
4/17/2020,6,5,17
4/18/2020,6,5,28
4/19/2020,6,5,21
4/20/2020,6,5,10
4/21/2020,6,5,16
4/22/2020,6,5,18
4/23/2020,6,5,13
4/24/2020,6,5,11
4/25/2020,6,5,27
4/26/2020,6,5,15
4/27/2020,6,5,9
4/28/2020,6,5,13
4/29/2020,6,5,14
4/30/2020,6,5,17
5/1/2020,6,5,15
5/2/2020,6,5,16
5/3/2020,6,5,18
5/4/2020,6,5,15
5/5/2020,6,5,14
5/6/2020,6,5,12
5/7/2020,6,5,17
5/8/2020,6,5,20
5/9/2020,6,5,11
5/10/2020,6,5,21
5/11/2020,6,5,14
5/12/2020,6,5,16
5/13/2020,6,5,16
5/14/2020,6,5,15
5/15/2020,6,5,19
5/16/2020,6,5,15
5/17/2020,6,5,15
5/18/2020,6,5,10
5/19/2020,6,5,19
5/20/2020,6,5,13
5/21/2020,6,5,16
5/22/2020,6,5,8
5/23/2020,6,5,16
5/24/2020,6,5,21
5/25/2020,6,5,13
5/26/2020,6,5,6
5/27/2020,6,5,17
5/28/2020,6,5,22
5/29/2020,6,5,17
5/30/2020,6,5,15
5/31/2020,6,5,13
6/1/2020,6,5,15
6/2/2020,6,5,12
6/3/2020,6,5,15
6/4/2020,6,5,16
6/5/2020,6,5,9
6/6/2020,6,5,17
6/7/2020,6,5,21
6/8/2020,6,5,16
6/9/2020,6,5,16
6/10/2020,6,5,15
6/11/2020,6,5,23
6/12/2020,6,5,27
6/13/2020,6,5,13
6/14/2020,6,5,24
6/15/2020,6,5,8
6/16/2020,6,5,10
6/17/2020,6,5,11
6/18/2020,6,5,16
6/19/2020,6,5,16
6/20/2020,6,5,20
6/21/2020,6,5,23
6/22/2020,6,5,19
6/23/2020,6,5,20
6/24/2020,6,5,8
6/25/2020,6,5,19
6/26/2020,6,5,19
6/27/2020,6,5,12
6/28/2020,6,5,21
6/29/2020,6,5,15
6/30/2020,6,5,16
7/1/2020,6,5,18
7/2/2020,6,5,24
7/3/2020,6,5,15
7/4/2020,6,5,21
7/5/2020,6,5,19
7/6/2020,6,5,24
7/7/2020,6,5,19
7/8/2020,6,5,21
7/9/2020,6,5,23
7/10/2020,6,5,20
7/11/2020,6,5,27
7/12/2020,6,5,23
7/13/2020,6,5,12
7/14/2020,6,5,11
7/15/2020,6,5,17
7/16/2020,6,5,21
7/17/2020,6,5,19
7/18/2020,6,5,22
7/19/2020,6,5,20
7/20/2020,6,5,18
7/21/2020,6,5,20
7/22/2020,6,5,15
7/23/2020,6,5,17
7/24/2020,6,5,16
7/25/2020,6,5,20
7/26/2020,6,5,19
7/27/2020,6,5,16
7/28/2020,6,5,14
7/29/2020,6,5,19
7/30/2020,6,5,17
7/31/2020,6,5,21
8/1/2020,6,5,16
8/2/2020,6,5,25
8/3/2020,6,5,12
8/4/2020,6,5,15
8/5/2020,6,5,14
8/6/2020,6,5,15
8/7/2020,6,5,25
8/8/2020,6,5,23
8/9/2020,6,5,18
8/10/2020,6,5,16
8/11/2020,6,5,15
8/12/2020,6,5,11
8/13/2020,6,5,14
8/14/2020,6,5,6
8/15/2020,6,5,16
8/16/2020,6,5,17
8/17/2020,6,5,13
8/18/2020,6,5,11
8/19/2020,6,5,15
8/20/2020,6,5,20
8/21/2020,6,5,19
8/22/2020,6,5,19
8/23/2020,6,5,21
8/24/2020,6,5,10
8/25/2020,6,5,16
8/26/2020,6,5,13
8/27/2020,6,5,19
8/28/2020,6,5,11
8/29/2020,6,5,18
8/30/2020,6,5,15
8/31/2020,6,5,10
9/1/2020,6,5,15
9/2/2020,6,5,20
9/3/2020,6,5,10
9/4/2020,6,5,13
9/5/2020,6,5,22
9/6/2020,6,5,14
9/7/2020,6,5,10
9/8/2020,6,5,18
9/9/2020,6,5,19
9/10/2020,6,5,20
9/11/2020,6,5,14
9/12/2020,6,5,10
9/13/2020,6,5,12
9/14/2020,6,5,8
9/15/2020,6,5,20
9/16/2020,6,5,8
9/17/2020,6,5,10
9/18/2020,6,5,10
9/19/2020,6,5,9
9/20/2020,6,5,16
9/21/2020,6,5,12
9/22/2020,6,5,6
9/23/2020,6,5,16
9/24/2020,6,5,10
9/25/2020,6,5,16
9/26/2020,6,5,14
9/27/2020,6,5,17
9/28/2020,6,5,11
9/29/2020,6,5,6
9/30/2020,6,5,11
10/1/2020,6,5,20
10/2/2020,6,5,15
10/3/2020,6,5,20
10/4/2020,6,5,22
10/5/2020,6,5,12
10/6/2020,6,5,11
10/7/2020,6,5,16
10/8/2020,6,5,14
10/9/2020,6,5,13
10/10/2020,6,5,17
10/11/2020,6,5,13
10/12/2020,6,5,9
10/13/2020,6,5,5
10/14/2020,6,5,12
10/15/2020,6,5,14
10/16/2020,6,5,20
10/17/2020,6,5,19
10/18/2020,6,5,23
10/19/2020,6,5,12
10/20/2020,6,5,8
10/21/2020,6,5,11
10/22/2020,6,5,14
10/23/2020,6,5,10
10/24/2020,6,5,15
10/25/2020,6,5,22
10/26/2020,6,5,12
10/27/2020,6,5,9
10/28/2020,6,5,15
10/29/2020,6,5,16
10/30/2020,6,5,14
10/31/2020,6,5,11
11/1/2020,6,5,16
11/2/2020,6,5,9
11/3/2020,6,5,14
11/4/2020,6,5,11
11/5/2020,6,5,14
11/6/2020,6,5,19
11/7/2020,6,5,20
11/8/2020,6,5,27
11/9/2020,6,5,12
11/10/2020,6,5,14
11/11/2020,6,5,14
11/12/2020,6,5,15
11/13/2020,6,5,18
11/14/2020,6,5,15
11/15/2020,6,5,25
11/16/2020,6,5,16
11/17/2020,6,5,13
11/18/2020,6,5,10
11/19/2020,6,5,15
11/20/2020,6,5,16
11/21/2020,6,5,13
11/22/2020,6,5,15
11/23/2020,6,5,20
11/24/2020,6,5,9
11/25/2020,6,5,18
11/26/2020,6,5,11
11/27/2020,6,5,13
11/28/2020,6,5,22
11/29/2020,6,5,16
11/30/2020,6,5,12
12/1/2020,6,5,10
12/2/2020,6,5,9
12/3/2020,6,5,8
12/4/2020,6,5,9
12/5/2020,6,5,17
12/6/2020,6,5,15
12/7/2020,6,5,10
12/8/2020,6,5,6
12/9/2020,6,5,4
12/10/2020,6,5,11
12/11/2020,6,5,12
12/12/2020,6,5,12
12/13/2020,6,5,12
12/14/2020,6,5,12
12/15/2020,6,5,14
12/16/2020,6,5,3
12/17/2020,6,5,11
12/18/2020,6,5,14
12/19/2020,6,5,6
12/20/2020,6,5,7
12/21/2020,6,5,3
12/22/2020,6,5,6
12/23/2020,6,5,8
12/24/2020,6,5,12
12/25/2020,6,5,11
12/26/2020,6,5,14
12/27/2020,6,5,7
12/28/2020,6,5,9
12/29/2020,6,5,10
12/30/2020,6,5,11
12/31/2020,6,5,10
1/1/2021,6,5,11
1/2/2021,6,5,9
1/3/2021,6,5,14
1/4/2021,6,5,8
1/5/2021,6,5,5
1/6/2021,6,5,9
1/7/2021,6,5,10
1/8/2021,6,5,9
1/9/2021,6,5,14
1/10/2021,6,5,16
1/11/2021,6,5,6
1/12/2021,6,5,14
1/13/2021,6,5,9
1/14/2021,6,5,10
1/15/2021,6,5,16
1/16/2021,6,5,7
1/17/2021,6,5,8
1/18/2021,6,5,10
1/19/2021,6,5,11
1/20/2021,6,5,8
1/21/2021,6,5,11
1/22/2021,6,5,9
1/23/2021,6,5,15
1/24/2021,6,5,14
1/25/2021,6,5,15
1/26/2021,6,5,7
1/27/2021,6,5,6
1/28/2021,6,5,10
1/29/2021,6,5,12
1/30/2021,6,5,13
1/31/2021,6,5,9
2/1/2021,6,5,5
2/2/2021,6,5,9
2/3/2021,6,5,10
2/4/2021,6,5,14
2/5/2021,6,5,11
2/6/2021,6,5,16
2/7/2021,6,5,11
2/8/2021,6,5,11
2/9/2021,6,5,4
2/10/2021,6,5,14
2/11/2021,6,5,7
2/12/2021,6,5,14
2/13/2021,6,5,13
2/14/2021,6,5,16
2/15/2021,6,5,7
2/16/2021,6,5,13
2/17/2021,6,5,10
2/18/2021,6,5,7
2/19/2021,6,5,20
2/20/2021,6,5,15
2/21/2021,6,5,12
2/22/2021,6,5,11
2/23/2021,6,5,12
2/24/2021,6,5,9
2/25/2021,6,5,7
2/26/2021,6,5,15
2/27/2021,6,5,8
2/28/2021,6,5,16
2/29/2021,6,5,15
3/1/2021,6,5,11
3/2/2021,6,5,12
3/3/2021,6,5,17
3/4/2021,6,5,23
3/5/2021,6,5,17
3/6/2021,6,5,20
3/7/2021,6,5,18
3/8/2021,6,5,5
3/9/2021,6,5,19
3/10/2021,6,5,20
3/11/2021,6,5,22
3/12/2021,6,5,11
3/13/2021,6,5,17
3/14/2021,6,5,6
3/15/2021,6,5,7
3/16/2021,6,5,8
3/17/2021,6,5,15
3/18/2021,6,5,18
3/19/2021,6,5,20
3/20/2021,6,5,15
3/21/2021,6,5,9
3/22/2021,6,5,13
3/23/2021,6,5,13
3/24/2021,6,5,8
3/25/2021,6,5,10
3/26/2021,6,5,12
3/27/2021,6,5,11
3/28/2021,6,5,10
3/29/2021,6,5,11
3/30/2021,6,5,14
3/31/2021,6,5,17
4/1/2021,6,5,18
4/2/2021,6,5,22
4/3/2021,6,5,14
4/4/2021,6,5,13
4/5/2021,6,5,18
4/6/2021,6,5,13
4/7/2021,6,5,20
4/8/2021,6,5,14
4/9/2021,6,5,18
4/10/2021,6,5,18
4/11/2021,6,5,11
4/12/2021,6,5,13
4/13/2021,6,5,17
4/14/2021,6,5,17
4/15/2021,6,5,12
4/16/2021,6,5,8
4/17/2021,6,5,28
4/18/2021,6,5,12
4/19/2021,6,5,7
4/20/2021,6,5,13
4/21/2021,6,5,17
4/22/2021,6,5,15
4/23/2021,6,5,20
4/24/2021,6,5,20
4/25/2021,6,5,13
4/26/2021,6,5,18
4/27/2021,6,5,14
4/28/2021,6,5,13
4/29/2021,6,5,19
4/30/2021,6,5,14
5/1/2021,6,5,26
5/2/2021,6,5,10
5/3/2021,6,5,11
5/4/2021,6,5,10
5/5/2021,6,5,13
5/6/2021,6,5,20
5/7/2021,6,5,18
5/8/2021,6,5,22
5/9/2021,6,5,12
5/10/2021,6,5,17
5/11/2021,6,5,18
5/12/2021,6,5,17
5/13/2021,6,5,18
5/14/2021,6,5,11
5/15/2021,6,5,18
5/16/2021,6,5,12
5/17/2021,6,5,17
5/18/2021,6,5,17
5/19/2021,6,5,15
5/20/2021,6,5,21
5/21/2021,6,5,17
5/22/2021,6,5,20
5/23/2021,6,5,8
5/24/2021,6,5,11
5/25/2021,6,5,17
5/26/2021,6,5,13
5/27/2021,6,5,10
5/28/2021,6,5,22
5/29/2021,6,5,15
5/30/2021,6,5,8
5/31/2021,6,5,23
6/1/2021,6,5,13
6/2/2021,6,5,19
6/3/2021,6,5,16
6/4/2021,6,5,12
6/5/2021,6,5,23
6/6/2021,6,5,18
6/7/2021,6,5,18
6/8/2021,6,5,21
6/9/2021,6,5,17
6/10/2021,6,5,26
6/11/2021,6,5,28
6/12/2021,6,5,29
6/13/2021,6,5,18
6/14/2021,6,5,22
6/15/2021,6,5,16
6/16/2021,6,5,25
6/17/2021,6,5,22
6/18/2021,6,5,20
6/19/2021,6,5,26
6/20/2021,6,5,10
6/21/2021,6,5,24
6/22/2021,6,5,15
6/23/2021,6,5,17
6/24/2021,6,5,27
6/25/2021,6,5,23
6/26/2021,6,5,25
6/27/2021,6,5,17
6/28/2021,6,5,22
6/29/2021,6,5,20
6/30/2021,6,5,17
7/1/2021,6,5,19
7/2/2021,6,5,14
7/3/2021,6,5,36
7/4/2021,6,5,16
7/5/2021,6,5,17
7/6/2021,6,5,12
7/7/2021,6,5,18
7/8/2021,6,5,17
7/9/2021,6,5,25
7/10/2021,6,5,23
7/11/2021,6,5,24
7/12/2021,6,5,20
7/13/2021,6,5,19
7/14/2021,6,5,20
7/15/2021,6,5,28
7/16/2021,6,5,23
7/17/2021,6,5,24
7/18/2021,6,5,15
7/19/2021,6,5,13
7/20/2021,6,5,17
7/21/2021,6,5,22
7/22/2021,6,5,26
7/23/2021,6,5,15
7/24/2021,6,5,29
7/25/2021,6,5,10
7/26/2021,6,5,20
7/27/2021,6,5,17
7/28/2021,6,5,18
7/29/2021,6,5,15
7/30/2021,6,5,32
7/31/2021,6,5,25
8/1/2021,6,5,16
8/2/2021,6,5,18
8/3/2021,6,5,16
8/4/2021,6,5,15
8/5/2021,6,5,21
8/6/2021,6,5,19
8/7/2021,6,5,19
8/8/2021,6,5,14
8/9/2021,6,5,16
8/10/2021,6,5,19
8/11/2021,6,5,27
8/12/2021,6,5,16
8/13/2021,6,5,23
8/14/2021,6,5,23
8/15/2021,6,5,11
8/16/2021,6,5,12
8/17/2021,6,5,9
8/18/2021,6,5,19
8/19/2021,6,5,14
8/20/2021,6,5,12
8/21/2021,6,5,19
8/22/2021,6,5,18
8/23/2021,6,5,18
8/24/2021,6,5,21
8/25/2021,6,5,15
8/26/2021,6,5,19
8/27/2021,6,5,14
8/28/2021,6,5,25
8/29/2021,6,5,8
8/30/2021,6,5,19
8/31/2021,6,5,21
9/1/2021,6,5,19
9/2/2021,6,5,14
9/3/2021,6,5,14
9/4/2021,6,5,18
9/5/2021,6,5,8
9/6/2021,6,5,19
9/7/2021,6,5,13
9/8/2021,6,5,19
9/9/2021,6,5,13
9/10/2021,6,5,22
9/11/2021,6,5,14
9/12/2021,6,5,20
9/13/2021,6,5,15
9/14/2021,6,5,13
9/15/2021,6,5,15
9/16/2021,6,5,17
9/17/2021,6,5,22
9/18/2021,6,5,18
9/19/2021,6,5,17
9/20/2021,6,5,13
9/21/2021,6,5,14
9/22/2021,6,5,20
9/23/2021,6,5,11
9/24/2021,6,5,16
9/25/2021,6,5,20
9/26/2021,6,5,10
9/27/2021,6,5,22
9/28/2021,6,5,10
9/29/2021,6,5,13
9/30/2021,6,5,27
10/1/2021,6,5,29
10/2/2021,6,5,22
10/3/2021,6,5,8
10/4/2021,6,5,12
10/5/2021,6,5,18
10/6/2021,6,5,18
10/7/2021,6,5,11
10/8/2021,6,5,17
10/9/2021,6,5,14
10/10/2021,6,5,13
10/11/2021,6,5,13
10/12/2021,6,5,16
10/13/2021,6,5,11
10/14/2021,6,5,18
10/15/2021,6,5,17
10/16/2021,6,5,17
10/17/2021,6,5,14
10/18/2021,6,5,18
10/19/2021,6,5,14
10/20/2021,6,5,10
10/21/2021,6,5,7
10/22/2021,6,5,16
10/23/2021,6,5,18
10/24/2021,6,5,11
10/25/2021,6,5,16
10/26/2021,6,5,19
10/27/2021,6,5,8
10/28/2021,6,5,15
10/29/2021,6,5,12
10/30/2021,6,5,19
10/31/2021,6,5,13
11/1/2021,6,5,14
11/2/2021,6,5,10
11/3/2021,6,5,16
11/4/2021,6,5,14
11/5/2021,6,5,23
11/6/2021,6,5,22
11/7/2021,6,5,18
11/8/2021,6,5,15
11/9/2021,6,5,16
11/10/2021,6,5,15
11/11/2021,6,5,21
11/12/2021,6,5,15
11/13/2021,6,5,19
11/14/2021,6,5,12
11/15/2021,6,5,15
11/16/2021,6,5,18
11/17/2021,6,5,12
11/18/2021,6,5,10
11/19/2021,6,5,16
11/20/2021,6,5,22
11/21/2021,6,5,13
11/22/2021,6,5,18
11/23/2021,6,5,13
11/24/2021,6,5,14
11/25/2021,6,5,13
11/26/2021,6,5,21
11/27/2021,6,5,21
11/28/2021,6,5,11
11/29/2021,6,5,14
11/30/2021,6,5,10
12/1/2021,6,5,10
12/2/2021,6,5,9
12/3/2021,6,5,9
12/4/2021,6,5,9
12/5/2021,6,5,8
12/6/2021,6,5,16
12/7/2021,6,5,12
12/8/2021,6,5,12
12/9/2021,6,5,10
12/10/2021,6,5,16
12/11/2021,6,5,13
12/12/2021,6,5,8
12/13/2021,6,5,10
12/14/2021,6,5,11
12/15/2021,6,5,4
12/16/2021,6,5,4
12/17/2021,6,5,11
12/18/2021,6,5,10
12/19/2021,6,5,8
12/20/2021,6,5,12
12/21/2021,6,5,5
12/22/2021,6,5,5
12/23/2021,6,5,15
12/24/2021,6,5,10
12/25/2021,6,5,9
12/26/2021,6,5,7
12/27/2021,6,5,5
12/28/2021,6,5,14
12/29/2021,6,5,9
12/30/2021,6,5,14
12/31/2021,6,5,14
1/1/2022,6,5,5
1/2/2022,6,5,10
1/3/2022,6,5,10
1/4/2022,6,5,6
1/5/2022,6,5,11
1/6/2022,6,5,12
1/7/2022,6,5,24
1/8/2022,6,5,5
1/9/2022,6,5,7
1/10/2022,6,5,6
1/11/2022,6,5,9
1/12/2022,6,5,9
1/13/2022,6,5,14
1/14/2022,6,5,15
1/15/2022,6,5,18
1/16/2022,6,5,10
1/17/2022,6,5,8
1/18/2022,6,5,11
1/19/2022,6,5,11
1/20/2022,6,5,10
1/21/2022,6,5,12
1/22/2022,6,5,13
1/23/2022,6,5,11
1/24/2022,6,5,11
1/25/2022,6,5,15
1/26/2022,6,5,11
1/27/2022,6,5,18
1/28/2022,6,5,15
1/29/2022,6,5,14
1/30/2022,6,5,10
1/31/2022,6,5,9
2/1/2022,6,5,12
2/2/2022,6,5,12
2/3/2022,6,5,13
2/4/2022,6,5,11
2/5/2022,6,5,16
2/6/2022,6,5,8
2/7/2022,6,5,10
2/8/2022,6,5,10
2/9/2022,6,5,12
2/10/2022,6,5,14
2/11/2022,6,5,18
2/12/2022,6,5,21
2/13/2022,6,5,9
2/14/2022,6,5,11
2/15/2022,6,5,14
2/16/2022,6,5,13
2/17/2022,6,5,7
2/18/2022,6,5,15
2/19/2022,6,5,11
2/20/2022,6,5,8
2/21/2022,6,5,6
2/22/2022,6,5,12
2/23/2022,6,5,11
2/24/2022,6,5,11
2/25/2022,6,5,9
2/26/2022,6,5,12
2/27/2022,6,5,7
2/28/2022,6,5,8
3/1/2022,6,5,13
3/2/2022,6,5,13
3/3/2022,6,5,13
3/4/2022,6,5,13
3/5/2022,6,5,14
3/6/2022,6,5,8
3/7/2022,6,5,18
3/8/2022,6,5,18
3/9/2022,6,5,14
3/10/2022,6,5,7
3/11/2022,6,5,18
3/12/2022,6,5,23
3/13/2022,6,5,11
3/14/2022,6,5,10
3/15/2022,6,5,8
3/16/2022,6,5,17
3/17/2022,6,5,9
3/18/2022,6,5,18
3/19/2022,6,5,21
3/20/2022,6,5,8
3/21/2022,6,5,17
3/22/2022,6,5,16
3/23/2022,6,5,12
3/24/2022,6,5,14
3/25/2022,6,5,15
3/26/2022,6,5,15
3/27/2022,6,5,3
3/28/2022,6,5,16
3/29/2022,6,5,11
3/30/2022,6,5,12
3/31/2022,6,5,18
4/1/2022,6,5,17
4/2/2022,6,5,18
4/3/2022,6,5,10
4/4/2022,6,5,10
4/5/2022,6,5,13
4/6/2022,6,5,16
4/7/2022,6,5,19
4/8/2022,6,5,17
4/9/2022,6,5,22
4/10/2022,6,5,13
4/11/2022,6,5,28
4/12/2022,6,5,14
4/13/2022,6,5,26
4/14/2022,6,5,20
4/15/2022,6,5,25
4/16/2022,6,5,20
4/17/2022,6,5,7
4/18/2022,6,5,17
4/19/2022,6,5,22
4/20/2022,6,5,18
4/21/2022,6,5,16
4/22/2022,6,5,15
4/23/2022,6,5,17
4/24/2022,6,5,11
4/25/2022,6,5,13
4/26/2022,6,5,14
4/27/2022,6,5,20
4/28/2022,6,5,14
4/29/2022,6,5,20
4/30/2022,6,5,12
5/1/2022,6,5,12
5/2/2022,6,5,11
5/3/2022,6,5,14
5/4/2022,6,5,19
5/5/2022,6,5,17
5/6/2022,6,5,24
5/7/2022,6,5,27
5/8/2022,6,5,25
5/9/2022,6,5,12
5/10/2022,6,5,13
5/11/2022,6,5,11
5/12/2022,6,5,24
5/13/2022,6,5,19
5/14/2022,6,5,21
5/15/2022,6,5,13
5/16/2022,6,5,16
5/17/2022,6,5,16
5/18/2022,6,5,13
5/19/2022,6,5,20
5/20/2022,6,5,31
5/21/2022,6,5,31
5/22/2022,6,5,10
5/23/2022,6,5,13
5/24/2022,6,5,17
5/25/2022,6,5,21
5/26/2022,6,5,20
5/27/2022,6,5,24
5/28/2022,6,5,25
5/29/2022,6,5,24
5/30/2022,6,5,15
5/31/2022,6,5,18
6/1/2022,6,5,13
6/2/2022,6,5,25
6/3/2022,6,5,12
6/4/2022,6,5,21
6/5/2022,6,5,19
6/6/2022,6,5,18
6/7/2022,6,5,19
6/8/2022,6,5,14
6/9/2022,6,5,25
6/10/2022,6,5,17
6/11/2022,6,5,24
6/12/2022,6,5,14
6/13/2022,6,5,21
6/14/2022,6,5,17
6/15/2022,6,5,18
6/16/2022,6,5,18
6/17/2022,6,5,28
6/18/2022,6,5,25
6/19/2022,6,5,11
6/20/2022,6,5,16
6/21/2022,6,5,23
6/22/2022,6,5,21
6/23/2022,6,5,20
6/24/2022,6,5,20
6/25/2022,6,5,23
6/26/2022,6,5,15
6/27/2022,6,5,19
6/28/2022,6,5,18
6/29/2022,6,5,17
6/30/2022,6,5,20
7/1/2022,6,5,30
7/2/2022,6,5,24
7/3/2022,6,5,14
7/4/2022,6,5,13
7/5/2022,6,5,15
7/6/2022,6,5,26
7/7/2022,6,5,17
7/8/2022,6,5,30
7/9/2022,6,5,25
7/10/2022,6,5,17
7/11/2022,6,5,22
7/12/2022,6,5,21
7/13/2022,6,5,26
7/14/2022,6,5,16
7/15/2022,6,5,27
7/16/2022,6,5,19
7/17/2022,6,5,15
7/18/2022,6,5,17
7/19/2022,6,5,20
7/20/2022,6,5,17
7/21/2022,6,5,33
7/22/2022,6,5,30
7/23/2022,6,5,22
7/24/2022,6,5,13
7/25/2022,6,5,10
7/26/2022,6,5,14
7/27/2022,6,5,23
7/28/2022,6,5,16
7/29/2022,6,5,24
7/30/2022,6,5,17
7/31/2022,6,5,16
8/1/2022,6,5,11
8/2/2022,6,5,13
8/3/2022,6,5,22
8/4/2022,6,5,18
8/5/2022,6,5,10
8/6/2022,6,5,22
8/7/2022,6,5,17
8/8/2022,6,5,9
8/9/2022,6,5,11
8/10/2022,6,5,11
8/11/2022,6,5,16
8/12/2022,6,5,24
8/13/2022,6,5,27
8/14/2022,6,5,14
8/15/2022,6,5,22
8/16/2022,6,5,14
8/17/2022,6,5,12
8/18/2022,6,5,18
8/19/2022,6,5,19
8/20/2022,6,5,17
8/21/2022,6,5,15
8/22/2022,6,5,15
8/23/2022,6,5,21
8/24/2022,6,5,10
8/25/2022,6,5,11
8/26/2022,6,5,21
8/27/2022,6,5,22
8/28/2022,6,5,10
8/29/2022,6,5,12
8/30/2022,6,5,17
8/31/2022,6,5,14
9/1/2022,6,5,16
9/2/2022,6,5,21
9/3/2022,6,5,17
9/4/2022,6,5,17
9/5/2022,6,5,21
9/6/2022,6,5,9
9/7/2022,6,5,15
9/8/2022,6,5,18
9/9/2022,6,5,18
9/10/2022,6,5,16
9/11/2022,6,5,13
9/12/2022,6,5,18
9/13/2022,6,5,16
9/14/2022,6,5,25
9/15/2022,6,5,13
9/16/2022,6,5,21
9/17/2022,6,5,18
9/18/2022,6,5,13
9/19/2022,6,5,17
9/20/2022,6,5,18
9/21/2022,6,5,15
9/22/2022,6,5,20
9/23/2022,6,5,16
9/24/2022,6,5,20
9/25/2022,6,5,11
9/26/2022,6,5,10
9/27/2022,6,5,13
9/28/2022,6,5,15
9/29/2022,6,5,18
9/30/2022,6,5,8
10/1/2022,6,5,9
10/2/2022,6,5,4
10/3/2022,6,5,24
10/4/2022,6,5,18
10/5/2022,6,5,22
10/6/2022,6,5,9
10/7/2022,6,5,14
10/8/2022,6,5,19
10/9/2022,6,5,11
10/10/2022,6,5,18
10/11/2022,6,5,18
10/12/2022,6,5,16
10/13/2022,6,5,13
10/14/2022,6,5,15
10/15/2022,6,5,17
10/16/2022,6,5,5
10/17/2022,6,5,17
10/18/2022,6,5,17
10/19/2022,6,5,15
10/20/2022,6,5,12
10/21/2022,6,5,23
10/22/2022,6,5,20
10/23/2022,6,5,12
10/24/2022,6,5,15
10/25/2022,6,5,16
10/26/2022,6,5,18
10/27/2022,6,5,14
10/28/2022,6,5,27
10/29/2022,6,5,20
10/30/2022,6,5,9
10/31/2022,6,5,21
11/1/2022,6,5,17
11/2/2022,6,5,12
11/3/2022,6,5,25
11/4/2022,6,5,12
11/5/2022,6,5,22
11/6/2022,6,5,16
11/7/2022,6,5,15
11/8/2022,6,5,21
11/9/2022,6,5,23
11/10/2022,6,5,14
11/11/2022,6,5,20
11/12/2022,6,5,14
11/13/2022,6,5,9
11/14/2022,6,5,17
11/15/2022,6,5,13
11/16/2022,6,5,14
11/17/2022,6,5,17
11/18/2022,6,5,10
11/19/2022,6,5,18
11/20/2022,6,5,11
11/21/2022,6,5,22
11/22/2022,6,5,13
11/23/2022,6,5,17
11/24/2022,6,5,12
11/25/2022,6,5,26
11/26/2022,6,5,19
11/27/2022,6,5,12
11/28/2022,6,5,15
11/29/2022,6,5,14
11/30/2022,6,5,13
12/1/2022,6,5,16
12/2/2022,6,5,12
12/3/2022,6,5,16
12/4/2022,6,5,9
12/5/2022,6,5,13
12/6/2022,6,5,11
12/7/2022,6,5,15
12/8/2022,6,5,12
12/9/2022,6,5,16
12/10/2022,6,5,22
12/11/2022,6,5,10
12/12/2022,6,5,16
12/13/2022,6,5,9
12/14/2022,6,5,17
12/15/2022,6,5,15
12/16/2022,6,5,17
12/17/2022,6,5,15
12/18/2022,6,5,9
12/19/2022,6,5,6
12/20/2022,6,5,9
12/21/2022,6,5,9
12/22/2022,6,5,13
12/23/2022,6,5,19
12/24/2022,6,5,10
12/25/2022,6,5,6
12/26/2022,6,5,11
12/27/2022,6,5,9
12/28/2022,6,5,14
12/29/2022,6,5,14
12/30/2022,6,5,5
12/31/2022,6,5,15
1/1/2018,7,5,5
1/2/2018,7,5,8
1/3/2018,7,5,9
1/4/2018,7,5,4
1/5/2018,7,5,9
1/6/2018,7,5,9
1/7/2018,7,5,6
1/8/2018,7,5,5
1/9/2018,7,5,6
1/10/2018,7,5,8
1/11/2018,7,5,6
1/12/2018,7,5,8
1/13/2018,7,5,7
1/14/2018,7,5,6
1/15/2018,7,5,5
1/16/2018,7,5,5
1/17/2018,7,5,9
1/18/2018,7,5,9
1/19/2018,7,5,11
1/20/2018,7,5,6
1/21/2018,7,5,4
1/22/2018,7,5,7
1/23/2018,7,5,7
1/24/2018,7,5,6
1/25/2018,7,5,6
1/26/2018,7,5,11
1/27/2018,7,5,9
1/28/2018,7,5,3
1/29/2018,7,5,7
1/30/2018,7,5,8
1/31/2018,7,5,2
2/1/2018,7,5,5
2/2/2018,7,5,9
2/3/2018,7,5,10
2/4/2018,7,5,8
2/5/2018,7,5,4
2/6/2018,7,5,11
2/7/2018,7,5,7
2/8/2018,7,5,4
2/9/2018,7,5,6
2/10/2018,7,5,10
2/11/2018,7,5,5
2/12/2018,7,5,7
2/13/2018,7,5,7
2/14/2018,7,5,10
2/15/2018,7,5,7
2/16/2018,7,5,17
2/17/2018,7,5,13
2/18/2018,7,5,8
2/19/2018,7,5,9
2/20/2018,7,5,5
2/21/2018,7,5,11
2/22/2018,7,5,3
2/23/2018,7,5,13
2/24/2018,7,5,13
2/25/2018,7,5,7
2/26/2018,7,5,4
2/27/2018,7,5,9
2/28/2018,7,5,14
3/1/2018,7,5,8
3/2/2018,7,5,15
3/3/2018,7,5,11
3/4/2018,7,5,7
3/5/2018,7,5,6
3/6/2018,7,5,10
3/7/2018,7,5,10
3/8/2018,7,5,12
3/9/2018,7,5,10
3/10/2018,7,5,9
3/11/2018,7,5,4
3/12/2018,7,5,9
3/13/2018,7,5,8
3/14/2018,7,5,9
3/15/2018,7,5,18
3/16/2018,7,5,15
3/17/2018,7,5,12
3/18/2018,7,5,10
3/19/2018,7,5,6
3/20/2018,7,5,6
3/21/2018,7,5,8
3/22/2018,7,5,10
3/23/2018,7,5,7
3/24/2018,7,5,9
3/25/2018,7,5,6
3/26/2018,7,5,8
3/27/2018,7,5,11
3/28/2018,7,5,9
3/29/2018,7,5,9
3/30/2018,7,5,9
3/31/2018,7,5,4
4/1/2018,7,5,9
4/2/2018,7,5,12
4/3/2018,7,5,9
4/4/2018,7,5,19
4/5/2018,7,5,8
4/6/2018,7,5,8
4/7/2018,7,5,9
4/8/2018,7,5,9
4/9/2018,7,5,7
4/10/2018,7,5,12
4/11/2018,7,5,11
4/12/2018,7,5,12
4/13/2018,7,5,11
4/14/2018,7,5,21
4/15/2018,7,5,10
4/16/2018,7,5,6
4/17/2018,7,5,7
4/18/2018,7,5,10
4/19/2018,7,5,15
4/20/2018,7,5,12
4/21/2018,7,5,17
4/22/2018,7,5,7
4/23/2018,7,5,10
4/24/2018,7,5,6
4/25/2018,7,5,13
4/26/2018,7,5,18
4/27/2018,7,5,18
4/28/2018,7,5,17
4/29/2018,7,5,12
4/30/2018,7,5,8
5/1/2018,7,5,16
5/2/2018,7,5,8
5/3/2018,7,5,15
5/4/2018,7,5,14
5/5/2018,7,5,11
5/6/2018,7,5,11
5/7/2018,7,5,8
5/8/2018,7,5,20
5/9/2018,7,5,22
5/10/2018,7,5,13
5/11/2018,7,5,15
5/12/2018,7,5,15
5/13/2018,7,5,9
5/14/2018,7,5,8
5/15/2018,7,5,10
5/16/2018,7,5,18
5/17/2018,7,5,6
5/18/2018,7,5,14
5/19/2018,7,5,6
5/20/2018,7,5,8
5/21/2018,7,5,10
5/22/2018,7,5,11
5/23/2018,7,5,11
5/24/2018,7,5,7
5/25/2018,7,5,19
5/26/2018,7,5,16
5/27/2018,7,5,10
5/28/2018,7,5,9
5/29/2018,7,5,11
5/30/2018,7,5,14
5/31/2018,7,5,10
6/1/2018,7,5,13
6/2/2018,7,5,16
6/3/2018,7,5,9
6/4/2018,7,5,7
6/5/2018,7,5,12
6/6/2018,7,5,15
6/7/2018,7,5,9
6/8/2018,7,5,16
6/9/2018,7,5,15
6/10/2018,7,5,16
6/11/2018,7,5,12
6/12/2018,7,5,10
6/13/2018,7,5,16
6/14/2018,7,5,9
6/15/2018,7,5,15
6/16/2018,7,5,18
6/17/2018,7,5,10
6/18/2018,7,5,8
6/19/2018,7,5,15
6/20/2018,7,5,13
6/21/2018,7,5,5
6/22/2018,7,5,19
6/23/2018,7,5,15
6/24/2018,7,5,7
6/25/2018,7,5,11
6/26/2018,7,5,16
6/27/2018,7,5,14
6/28/2018,7,5,14
6/29/2018,7,5,19
6/30/2018,7,5,20
7/1/2018,7,5,5
7/2/2018,7,5,15
7/3/2018,7,5,17
7/4/2018,7,5,7
7/5/2018,7,5,14
7/6/2018,7,5,15
7/7/2018,7,5,16
7/8/2018,7,5,14
7/9/2018,7,5,10
7/10/2018,7,5,10
7/11/2018,7,5,10
7/12/2018,7,5,13
7/13/2018,7,5,7
7/14/2018,7,5,12
7/15/2018,7,5,16
7/16/2018,7,5,11
7/17/2018,7,5,14
7/18/2018,7,5,8
7/19/2018,7,5,18
7/20/2018,7,5,22
7/21/2018,7,5,19
7/22/2018,7,5,10
7/23/2018,7,5,12
7/24/2018,7,5,16
7/25/2018,7,5,13
7/26/2018,7,5,16
7/27/2018,7,5,18
7/28/2018,7,5,18
7/29/2018,7,5,11
7/30/2018,7,5,15
7/31/2018,7,5,13
8/1/2018,7,5,16
8/2/2018,7,5,11
8/3/2018,7,5,18
8/4/2018,7,5,18
8/5/2018,7,5,9
8/6/2018,7,5,7
8/7/2018,7,5,11
8/8/2018,7,5,15
8/9/2018,7,5,13
8/10/2018,7,5,6
8/11/2018,7,5,16
8/12/2018,7,5,14
8/13/2018,7,5,10
8/14/2018,7,5,6
8/15/2018,7,5,13
8/16/2018,7,5,14
8/17/2018,7,5,14
8/18/2018,7,5,14
8/19/2018,7,5,4
8/20/2018,7,5,9
8/21/2018,7,5,9
8/22/2018,7,5,11
8/23/2018,7,5,8
8/24/2018,7,5,18
8/25/2018,7,5,8
8/26/2018,7,5,8
8/27/2018,7,5,9
8/28/2018,7,5,8
8/29/2018,7,5,14
8/30/2018,7,5,19
8/31/2018,7,5,16
9/1/2018,7,5,13
9/2/2018,7,5,9
9/3/2018,7,5,9
9/4/2018,7,5,7
9/5/2018,7,5,10
9/6/2018,7,5,18
9/7/2018,7,5,16
9/8/2018,7,5,9
9/9/2018,7,5,6
9/10/2018,7,5,12
9/11/2018,7,5,13
9/12/2018,7,5,12
9/13/2018,7,5,17
9/14/2018,7,5,12
9/15/2018,7,5,15
9/16/2018,7,5,14
9/17/2018,7,5,11
9/18/2018,7,5,4
9/19/2018,7,5,7
9/20/2018,7,5,7
9/21/2018,7,5,11
9/22/2018,7,5,14
9/23/2018,7,5,8
9/24/2018,7,5,14
9/25/2018,7,5,8
9/26/2018,7,5,11
9/27/2018,7,5,7
9/28/2018,7,5,7
9/29/2018,7,5,13
9/30/2018,7,5,9
10/1/2018,7,5,10
10/2/2018,7,5,7
10/3/2018,7,5,13
10/4/2018,7,5,11
10/5/2018,7,5,6
10/6/2018,7,5,7
10/7/2018,7,5,8
10/8/2018,7,5,3
10/9/2018,7,5,8
10/10/2018,7,5,12
10/11/2018,7,5,10
10/12/2018,7,5,12
10/13/2018,7,5,10
10/14/2018,7,5,8
10/15/2018,7,5,15
10/16/2018,7,5,8
10/17/2018,7,5,12
10/18/2018,7,5,8
10/19/2018,7,5,17
10/20/2018,7,5,13
10/21/2018,7,5,10
10/22/2018,7,5,7
10/23/2018,7,5,6
10/24/2018,7,5,10
10/25/2018,7,5,10
10/26/2018,7,5,11
10/27/2018,7,5,9
10/28/2018,7,5,6
10/29/2018,7,5,5
10/30/2018,7,5,9
10/31/2018,7,5,10
11/1/2018,7,5,17
11/2/2018,7,5,10
11/3/2018,7,5,9
11/4/2018,7,5,10
11/5/2018,7,5,12
11/6/2018,7,5,7
11/7/2018,7,5,7
11/8/2018,7,5,9
11/9/2018,7,5,11
11/10/2018,7,5,11
11/11/2018,7,5,4
11/12/2018,7,5,10
11/13/2018,7,5,9
11/14/2018,7,5,16
11/15/2018,7,5,12
11/16/2018,7,5,13
11/17/2018,7,5,13
11/18/2018,7,5,7
11/19/2018,7,5,9
11/20/2018,7,5,6
11/21/2018,7,5,6
11/22/2018,7,5,14
11/23/2018,7,5,16
11/24/2018,7,5,16
11/25/2018,7,5,6
11/26/2018,7,5,5
11/27/2018,7,5,5
11/28/2018,7,5,12
11/29/2018,7,5,15
11/30/2018,7,5,21
12/1/2018,7,5,10
12/2/2018,7,5,5
12/3/2018,7,5,15
12/4/2018,7,5,9
12/5/2018,7,5,7
12/6/2018,7,5,6
12/7/2018,7,5,12
12/8/2018,7,5,7
12/9/2018,7,5,4
12/10/2018,7,5,3
12/11/2018,7,5,7
12/12/2018,7,5,1
12/13/2018,7,5,8
12/14/2018,7,5,9
12/15/2018,7,5,9
12/16/2018,7,5,13
12/17/2018,7,5,6
12/18/2018,7,5,4
12/19/2018,7,5,9
12/20/2018,7,5,2
12/21/2018,7,5,9
12/22/2018,7,5,10
12/23/2018,7,5,5
12/24/2018,7,5,8
12/25/2018,7,5,9
12/26/2018,7,5,8
12/27/2018,7,5,9
12/28/2018,7,5,11
12/29/2018,7,5,7
12/30/2018,7,5,7
12/31/2018,7,5,10
1/1/2019,7,5,10
1/2/2019,7,5,10
1/3/2019,7,5,9
1/4/2019,7,5,12
1/5/2019,7,5,14
1/6/2019,7,5,8
1/7/2019,7,5,8
1/8/2019,7,5,7
1/9/2019,7,5,13
1/10/2019,7,5,13
1/11/2019,7,5,10
1/12/2019,7,5,8
1/13/2019,7,5,6
1/14/2019,7,5,8
1/15/2019,7,5,4
1/16/2019,7,5,9
1/17/2019,7,5,10
1/18/2019,7,5,13
1/19/2019,7,5,11
1/20/2019,7,5,3
1/21/2019,7,5,7
1/22/2019,7,5,17
1/23/2019,7,5,15
1/24/2019,7,5,13
1/25/2019,7,5,8
1/26/2019,7,5,9
1/27/2019,7,5,5
1/28/2019,7,5,11
1/29/2019,7,5,12
1/30/2019,7,5,9
1/31/2019,7,5,8
2/1/2019,7,5,12
2/2/2019,7,5,11
2/3/2019,7,5,4
2/4/2019,7,5,9
2/5/2019,7,5,10
2/6/2019,7,5,6
2/7/2019,7,5,11
2/8/2019,7,5,13
2/9/2019,7,5,12
2/10/2019,7,5,7
2/11/2019,7,5,6
2/12/2019,7,5,10
2/13/2019,7,5,14
2/14/2019,7,5,10
2/15/2019,7,5,13
2/16/2019,7,5,11
2/17/2019,7,5,4
2/18/2019,7,5,9
2/19/2019,7,5,14
2/20/2019,7,5,12
2/21/2019,7,5,10
2/22/2019,7,5,8
2/23/2019,7,5,13
2/24/2019,7,5,5
2/25/2019,7,5,12
2/26/2019,7,5,6
2/27/2019,7,5,13
2/28/2019,7,5,8
3/1/2019,7,5,12
3/2/2019,7,5,17
3/3/2019,7,5,9
3/4/2019,7,5,11
3/5/2019,7,5,9
3/6/2019,7,5,7
3/7/2019,7,5,5
3/8/2019,7,5,11
3/9/2019,7,5,12
3/10/2019,7,5,5
3/11/2019,7,5,10
3/12/2019,7,5,15
3/13/2019,7,5,10
3/14/2019,7,5,9
3/15/2019,7,5,9
3/16/2019,7,5,11
3/17/2019,7,5,10
3/18/2019,7,5,9
3/19/2019,7,5,6
3/20/2019,7,5,5
3/21/2019,7,5,10
3/22/2019,7,5,14
3/23/2019,7,5,16
3/24/2019,7,5,9
3/25/2019,7,5,13
3/26/2019,7,5,9
3/27/2019,7,5,10
3/28/2019,7,5,9
3/29/2019,7,5,9
3/30/2019,7,5,11
3/31/2019,7,5,14
4/1/2019,7,5,10
4/2/2019,7,5,9
4/3/2019,7,5,15
4/4/2019,7,5,13
4/5/2019,7,5,14
4/6/2019,7,5,10
4/7/2019,7,5,9
4/8/2019,7,5,8
4/9/2019,7,5,14
4/10/2019,7,5,14
4/11/2019,7,5,11
4/12/2019,7,5,17
4/13/2019,7,5,17
4/14/2019,7,5,12
4/15/2019,7,5,10
4/16/2019,7,5,14
4/17/2019,7,5,12
4/18/2019,7,5,12
4/19/2019,7,5,11
4/20/2019,7,5,11
4/21/2019,7,5,13
4/22/2019,7,5,9
4/23/2019,7,5,12
4/24/2019,7,5,14
4/25/2019,7,5,17
4/26/2019,7,5,19
4/27/2019,7,5,21
4/28/2019,7,5,9
4/29/2019,7,5,3
4/30/2019,7,5,11
5/1/2019,7,5,10
5/2/2019,7,5,17
5/3/2019,7,5,17
5/4/2019,7,5,22
5/5/2019,7,5,5
5/6/2019,7,5,16
5/7/2019,7,5,16
5/8/2019,7,5,17
5/9/2019,7,5,8
5/10/2019,7,5,15
5/11/2019,7,5,21
5/12/2019,7,5,10
5/13/2019,7,5,8
5/14/2019,7,5,14
5/15/2019,7,5,11
5/16/2019,7,5,16
5/17/2019,7,5,9
5/18/2019,7,5,10
5/19/2019,7,5,10
5/20/2019,7,5,10
5/21/2019,7,5,8
5/22/2019,7,5,14
5/23/2019,7,5,15
5/24/2019,7,5,15
5/25/2019,7,5,14
5/26/2019,7,5,15
5/27/2019,7,5,10
5/28/2019,7,5,21
5/29/2019,7,5,19
5/30/2019,7,5,16
5/31/2019,7,5,20
6/1/2019,7,5,18
6/2/2019,7,5,9
6/3/2019,7,5,16
6/4/2019,7,5,8
6/5/2019,7,5,17
6/6/2019,7,5,15
6/7/2019,7,5,16
6/8/2019,7,5,12
6/9/2019,7,5,6
6/10/2019,7,5,16
6/11/2019,7,5,20
6/12/2019,7,5,10
6/13/2019,7,5,15
6/14/2019,7,5,16
6/15/2019,7,5,14
6/16/2019,7,5,12
6/17/2019,7,5,16
6/18/2019,7,5,12
6/19/2019,7,5,16
6/20/2019,7,5,19
6/21/2019,7,5,20
6/22/2019,7,5,17
6/23/2019,7,5,9
6/24/2019,7,5,15
6/25/2019,7,5,10
6/26/2019,7,5,15
6/27/2019,7,5,18
6/28/2019,7,5,13
6/29/2019,7,5,19
6/30/2019,7,5,11
7/1/2019,7,5,16
7/2/2019,7,5,15
7/3/2019,7,5,14
7/4/2019,7,5,15
7/5/2019,7,5,16
7/6/2019,7,5,15
7/7/2019,7,5,6
7/8/2019,7,5,22
7/9/2019,7,5,8
7/10/2019,7,5,12
7/11/2019,7,5,13
7/12/2019,7,5,17
7/13/2019,7,5,12
7/14/2019,7,5,11
7/15/2019,7,5,14
7/16/2019,7,5,8
7/17/2019,7,5,15
7/18/2019,7,5,20
7/19/2019,7,5,20
7/20/2019,7,5,19
7/21/2019,7,5,16
7/22/2019,7,5,15
7/23/2019,7,5,19
7/24/2019,7,5,13
7/25/2019,7,5,13
7/26/2019,7,5,19
7/27/2019,7,5,23
7/28/2019,7,5,14
7/29/2019,7,5,18
7/30/2019,7,5,15
7/31/2019,7,5,17
8/1/2019,7,5,20
8/2/2019,7,5,12
8/3/2019,7,5,12
8/4/2019,7,5,16
8/5/2019,7,5,15
8/6/2019,7,5,6
8/7/2019,7,5,13
8/8/2019,7,5,16
8/9/2019,7,5,16
8/10/2019,7,5,16
8/11/2019,7,5,13
8/12/2019,7,5,12
8/13/2019,7,5,12
8/14/2019,7,5,16
8/15/2019,7,5,11
8/16/2019,7,5,18
8/17/2019,7,5,15
8/18/2019,7,5,10
8/19/2019,7,5,12
8/20/2019,7,5,13
8/21/2019,7,5,13
8/22/2019,7,5,13
8/23/2019,7,5,12
8/24/2019,7,5,11
8/25/2019,7,5,16
8/26/2019,7,5,12
8/27/2019,7,5,15
8/28/2019,7,5,21
8/29/2019,7,5,15
8/30/2019,7,5,12
8/31/2019,7,5,12
9/1/2019,7,5,11
9/2/2019,7,5,11
9/3/2019,7,5,11
9/4/2019,7,5,16
9/5/2019,7,5,15
9/6/2019,7,5,8
9/7/2019,7,5,20
9/8/2019,7,5,6
9/9/2019,7,5,10
9/10/2019,7,5,20
9/11/2019,7,5,13
9/12/2019,7,5,19
9/13/2019,7,5,11
9/14/2019,7,5,16
9/15/2019,7,5,18
9/16/2019,7,5,17
9/17/2019,7,5,12
9/18/2019,7,5,12
9/19/2019,7,5,11
9/20/2019,7,5,10
9/21/2019,7,5,15
9/22/2019,7,5,6
9/23/2019,7,5,16
9/24/2019,7,5,8
9/25/2019,7,5,16
9/26/2019,7,5,10
9/27/2019,7,5,18
9/28/2019,7,5,9
9/29/2019,7,5,9
9/30/2019,7,5,8
10/1/2019,7,5,6
10/2/2019,7,5,13
10/3/2019,7,5,7
10/4/2019,7,5,20
10/5/2019,7,5,13
10/6/2019,7,5,6
10/7/2019,7,5,15
10/8/2019,7,5,13
10/9/2019,7,5,21
10/10/2019,7,5,8
10/11/2019,7,5,12
10/12/2019,7,5,20
10/13/2019,7,5,18
10/14/2019,7,5,6
10/15/2019,7,5,9
10/16/2019,7,5,12
10/17/2019,7,5,17
10/18/2019,7,5,11
10/19/2019,7,5,19
10/20/2019,7,5,10
10/21/2019,7,5,9
10/22/2019,7,5,10
10/23/2019,7,5,7
10/24/2019,7,5,16
10/25/2019,7,5,11
10/26/2019,7,5,15
10/27/2019,7,5,12
10/28/2019,7,5,9
10/29/2019,7,5,14
10/30/2019,7,5,15
10/31/2019,7,5,14
11/1/2019,7,5,8
11/2/2019,7,5,17
11/3/2019,7,5,10
11/4/2019,7,5,8
11/5/2019,7,5,10
11/6/2019,7,5,10
11/7/2019,7,5,9
11/8/2019,7,5,13
11/9/2019,7,5,18
11/10/2019,7,5,8
11/11/2019,7,5,9
11/12/2019,7,5,12
11/13/2019,7,5,12
11/14/2019,7,5,16
11/15/2019,7,5,20
11/16/2019,7,5,9
11/17/2019,7,5,9
11/18/2019,7,5,10
11/19/2019,7,5,12
11/20/2019,7,5,15
11/21/2019,7,5,13
11/22/2019,7,5,10
11/23/2019,7,5,12
11/24/2019,7,5,6
11/25/2019,7,5,9
11/26/2019,7,5,16
11/27/2019,7,5,11
11/28/2019,7,5,12
11/29/2019,7,5,12
11/30/2019,7,5,15
12/1/2019,7,5,7
12/2/2019,7,5,7
12/3/2019,7,5,15
12/4/2019,7,5,7
12/5/2019,7,5,10
12/6/2019,7,5,8
12/7/2019,7,5,15
12/8/2019,7,5,7
12/9/2019,7,5,8
12/10/2019,7,5,6
12/11/2019,7,5,9
12/12/2019,7,5,9
12/13/2019,7,5,10
12/14/2019,7,5,8
12/15/2019,7,5,9
12/16/2019,7,5,8
12/17/2019,7,5,5
12/18/2019,7,5,6
12/19/2019,7,5,10
12/20/2019,7,5,10
12/21/2019,7,5,7
12/22/2019,7,5,7
12/23/2019,7,5,8
12/24/2019,7,5,13
12/25/2019,7,5,6
12/26/2019,7,5,17
12/27/2019,7,5,10
12/28/2019,7,5,9
12/29/2019,7,5,11
12/30/2019,7,5,8
12/31/2019,7,5,6
1/1/2020,7,5,14
1/2/2020,7,5,10
1/3/2020,7,5,6
1/4/2020,7,5,13
1/5/2020,7,5,7
1/6/2020,7,5,13
1/7/2020,7,5,7
1/8/2020,7,5,10
1/9/2020,7,5,10
1/10/2020,7,5,14
1/11/2020,7,5,11
1/12/2020,7,5,9
1/13/2020,7,5,8
1/14/2020,7,5,6
1/15/2020,7,5,10
1/16/2020,7,5,14
1/17/2020,7,5,12
1/18/2020,7,5,9
1/19/2020,7,5,3
1/20/2020,7,5,6
1/21/2020,7,5,11
1/22/2020,7,5,5
1/23/2020,7,5,11
1/24/2020,7,5,8
1/25/2020,7,5,7
1/26/2020,7,5,6
1/27/2020,7,5,9
1/28/2020,7,5,10
1/29/2020,7,5,5
1/30/2020,7,5,5
1/31/2020,7,5,16
2/1/2020,7,5,9
2/2/2020,7,5,6
2/3/2020,7,5,12
2/4/2020,7,5,7
2/5/2020,7,5,9
2/6/2020,7,5,10
2/7/2020,7,5,3
2/8/2020,7,5,20
2/9/2020,7,5,3
2/10/2020,7,5,5
2/11/2020,7,5,13
2/12/2020,7,5,7
2/13/2020,7,5,14
2/14/2020,7,5,5
2/15/2020,7,5,10
2/16/2020,7,5,9
2/17/2020,7,5,9
2/18/2020,7,5,8
2/19/2020,7,5,13
2/20/2020,7,5,15
2/21/2020,7,5,17
2/22/2020,7,5,7
2/23/2020,7,5,7
2/24/2020,7,5,5
2/25/2020,7,5,5
2/26/2020,7,5,18
2/27/2020,7,5,14
2/28/2020,7,5,13
3/1/2020,7,5,13
3/2/2020,7,5,7
3/3/2020,7,5,12
3/4/2020,7,5,12
3/5/2020,7,5,9
3/6/2020,7,5,21
3/7/2020,7,5,14
3/8/2020,7,5,12
3/9/2020,7,5,9
3/10/2020,7,5,11
3/11/2020,7,5,11
3/12/2020,7,5,9
3/13/2020,7,5,12
3/14/2020,7,5,9
3/15/2020,7,5,11
3/16/2020,7,5,19
3/17/2020,7,5,4
3/18/2020,7,5,8
3/19/2020,7,5,12
3/20/2020,7,5,14
3/21/2020,7,5,10
3/22/2020,7,5,18
3/23/2020,7,5,6
3/24/2020,7,5,11
3/25/2020,7,5,12
3/26/2020,7,5,8
3/27/2020,7,5,15
3/28/2020,7,5,12
3/29/2020,7,5,16
3/30/2020,7,5,7
3/31/2020,7,5,12
4/1/2020,7,5,9
4/2/2020,7,5,23
4/3/2020,7,5,12
4/4/2020,7,5,16
4/5/2020,7,5,17
4/6/2020,7,5,11
4/7/2020,7,5,9
4/8/2020,7,5,15
4/9/2020,7,5,11
4/10/2020,7,5,15
4/11/2020,7,5,12
4/12/2020,7,5,19
4/13/2020,7,5,10
4/14/2020,7,5,6
4/15/2020,7,5,15
4/16/2020,7,5,13
4/17/2020,7,5,16
4/18/2020,7,5,16
4/19/2020,7,5,10
4/20/2020,7,5,12
4/21/2020,7,5,15
4/22/2020,7,5,13
4/23/2020,7,5,22
4/24/2020,7,5,17
4/25/2020,7,5,9
4/26/2020,7,5,16
4/27/2020,7,5,14
4/28/2020,7,5,18
4/29/2020,7,5,11
4/30/2020,7,5,13
5/1/2020,7,5,17
5/2/2020,7,5,23
5/3/2020,7,5,17
5/4/2020,7,5,8
5/5/2020,7,5,7
5/6/2020,7,5,14
5/7/2020,7,5,10
5/8/2020,7,5,17
5/9/2020,7,5,17
5/10/2020,7,5,20
5/11/2020,7,5,13
5/12/2020,7,5,22
5/13/2020,7,5,12
5/14/2020,7,5,13
5/15/2020,7,5,20
5/16/2020,7,5,15
5/17/2020,7,5,15
5/18/2020,7,5,10
5/19/2020,7,5,16
5/20/2020,7,5,14
5/21/2020,7,5,8
5/22/2020,7,5,14
5/23/2020,7,5,17
5/24/2020,7,5,13
5/25/2020,7,5,12
5/26/2020,7,5,11
5/27/2020,7,5,9
5/28/2020,7,5,15
5/29/2020,7,5,9
5/30/2020,7,5,23
5/31/2020,7,5,17
6/1/2020,7,5,10
6/2/2020,7,5,12
6/3/2020,7,5,19
6/4/2020,7,5,12
6/5/2020,7,5,18
6/6/2020,7,5,24
6/7/2020,7,5,21
6/8/2020,7,5,19
6/9/2020,7,5,15
6/10/2020,7,5,15
6/11/2020,7,5,17
6/12/2020,7,5,19
6/13/2020,7,5,15
6/14/2020,7,5,20
6/15/2020,7,5,12
6/16/2020,7,5,10
6/17/2020,7,5,14
6/18/2020,7,5,10
6/19/2020,7,5,6
6/20/2020,7,5,15
6/21/2020,7,5,21
6/22/2020,7,5,12
6/23/2020,7,5,14
6/24/2020,7,5,11
6/25/2020,7,5,13
6/26/2020,7,5,14
6/27/2020,7,5,25
6/28/2020,7,5,23
6/29/2020,7,5,13
6/30/2020,7,5,17
7/1/2020,7,5,13
7/2/2020,7,5,13
7/3/2020,7,5,14
7/4/2020,7,5,13
7/5/2020,7,5,21
7/6/2020,7,5,7
7/7/2020,7,5,11
7/8/2020,7,5,21
7/9/2020,7,5,7
7/10/2020,7,5,13
7/11/2020,7,5,20
7/12/2020,7,5,22
7/13/2020,7,5,11
7/14/2020,7,5,21
7/15/2020,7,5,13
7/16/2020,7,5,19
7/17/2020,7,5,16
7/18/2020,7,5,21
7/19/2020,7,5,14
7/20/2020,7,5,13
7/21/2020,7,5,9
7/22/2020,7,5,8
7/23/2020,7,5,13
7/24/2020,7,5,13
7/25/2020,7,5,25
7/26/2020,7,5,21
7/27/2020,7,5,11
7/28/2020,7,5,8
7/29/2020,7,5,15
7/30/2020,7,5,15
7/31/2020,7,5,13
8/1/2020,7,5,22
8/2/2020,7,5,17
8/3/2020,7,5,17
8/4/2020,7,5,16
8/5/2020,7,5,15
8/6/2020,7,5,13
8/7/2020,7,5,12
8/8/2020,7,5,16
8/9/2020,7,5,9
8/10/2020,7,5,16
8/11/2020,7,5,16
8/12/2020,7,5,16
8/13/2020,7,5,14
8/14/2020,7,5,21
8/15/2020,7,5,14
8/16/2020,7,5,14
8/17/2020,7,5,21
8/18/2020,7,5,14
8/19/2020,7,5,15
8/20/2020,7,5,13
8/21/2020,7,5,18
8/22/2020,7,5,15
8/23/2020,7,5,16
8/24/2020,7,5,10
8/25/2020,7,5,17
8/26/2020,7,5,12
8/27/2020,7,5,24
8/28/2020,7,5,20
8/29/2020,7,5,21
8/30/2020,7,5,13
8/31/2020,7,5,8
9/1/2020,7,5,10
9/2/2020,7,5,24
9/3/2020,7,5,7
9/4/2020,7,5,10
9/5/2020,7,5,13
9/6/2020,7,5,19
9/7/2020,7,5,11
9/8/2020,7,5,18
9/9/2020,7,5,12
9/10/2020,7,5,12
9/11/2020,7,5,10
9/12/2020,7,5,11
9/13/2020,7,5,16
9/14/2020,7,5,14
9/15/2020,7,5,13
9/16/2020,7,5,13
9/17/2020,7,5,12
9/18/2020,7,5,19
9/19/2020,7,5,11
9/20/2020,7,5,15
9/21/2020,7,5,13
9/22/2020,7,5,8
9/23/2020,7,5,11
9/24/2020,7,5,11
9/25/2020,7,5,12
9/26/2020,7,5,18
9/27/2020,7,5,15
9/28/2020,7,5,11
9/29/2020,7,5,12
9/30/2020,7,5,18
10/1/2020,7,5,10
10/2/2020,7,5,11
10/3/2020,7,5,13
10/4/2020,7,5,20
10/5/2020,7,5,11
10/6/2020,7,5,15
10/7/2020,7,5,10
10/8/2020,7,5,11
10/9/2020,7,5,16
10/10/2020,7,5,20
10/11/2020,7,5,14
10/12/2020,7,5,14
10/13/2020,7,5,5
10/14/2020,7,5,11
10/15/2020,7,5,13
10/16/2020,7,5,17
10/17/2020,7,5,11
10/18/2020,7,5,16
10/19/2020,7,5,9
10/20/2020,7,5,13
10/21/2020,7,5,16
10/22/2020,7,5,16
10/23/2020,7,5,12
10/24/2020,7,5,20
10/25/2020,7,5,17
10/26/2020,7,5,9
10/27/2020,7,5,14
10/28/2020,7,5,9
10/29/2020,7,5,14
10/30/2020,7,5,9
10/31/2020,7,5,20
11/1/2020,7,5,20
11/2/2020,7,5,11
11/3/2020,7,5,17
11/4/2020,7,5,11
11/5/2020,7,5,13
11/6/2020,7,5,20
11/7/2020,7,5,8
11/8/2020,7,5,11
11/9/2020,7,5,11
11/10/2020,7,5,8
11/11/2020,7,5,13
11/12/2020,7,5,10
11/13/2020,7,5,19
11/14/2020,7,5,20
11/15/2020,7,5,19
11/16/2020,7,5,11
11/17/2020,7,5,13
11/18/2020,7,5,9
11/19/2020,7,5,20
11/20/2020,7,5,15
11/21/2020,7,5,15
11/22/2020,7,5,12
11/23/2020,7,5,9
11/24/2020,7,5,9
11/25/2020,7,5,16
11/26/2020,7,5,13
11/27/2020,7,5,16
11/28/2020,7,5,16
11/29/2020,7,5,18
11/30/2020,7,5,8
12/1/2020,7,5,11
12/2/2020,7,5,7
12/3/2020,7,5,15
12/4/2020,7,5,18
12/5/2020,7,5,8
12/6/2020,7,5,17
12/7/2020,7,5,11
12/8/2020,7,5,12
12/9/2020,7,5,6
12/10/2020,7,5,9
12/11/2020,7,5,7
12/12/2020,7,5,10
12/13/2020,7,5,17
12/14/2020,7,5,8
12/15/2020,7,5,10
12/16/2020,7,5,10
12/17/2020,7,5,9
12/18/2020,7,5,8
12/19/2020,7,5,9
12/20/2020,7,5,8
12/21/2020,7,5,7
12/22/2020,7,5,10
12/23/2020,7,5,9
12/24/2020,7,5,10
12/25/2020,7,5,8
12/26/2020,7,5,14
12/27/2020,7,5,7
12/28/2020,7,5,14
12/29/2020,7,5,8
12/30/2020,7,5,9
12/31/2020,7,5,7
1/1/2021,7,5,7
1/2/2021,7,5,6
1/3/2021,7,5,10
1/4/2021,7,5,10
1/5/2021,7,5,15
1/6/2021,7,5,9
1/7/2021,7,5,8
1/8/2021,7,5,8
1/9/2021,7,5,11
1/10/2021,7,5,20
1/11/2021,7,5,9
1/12/2021,7,5,10
1/13/2021,7,5,18
1/14/2021,7,5,9
1/15/2021,7,5,9
1/16/2021,7,5,12
1/17/2021,7,5,10
1/18/2021,7,5,9
1/19/2021,7,5,7
1/20/2021,7,5,4
1/21/2021,7,5,11
1/22/2021,7,5,9
1/23/2021,7,5,8
1/24/2021,7,5,10
1/25/2021,7,5,18
1/26/2021,7,5,5
1/27/2021,7,5,13
1/28/2021,7,5,11
1/29/2021,7,5,11
1/30/2021,7,5,18
1/31/2021,7,5,14
2/1/2021,7,5,10
2/2/2021,7,5,3
2/3/2021,7,5,9
2/4/2021,7,5,8
2/5/2021,7,5,10
2/6/2021,7,5,4
2/7/2021,7,5,10
2/8/2021,7,5,12
2/9/2021,7,5,6
2/10/2021,7,5,11
2/11/2021,7,5,8
2/12/2021,7,5,7
2/13/2021,7,5,9
2/14/2021,7,5,12
2/15/2021,7,5,7
2/16/2021,7,5,7
2/17/2021,7,5,9
2/18/2021,7,5,6
2/19/2021,7,5,12
2/20/2021,7,5,5
2/21/2021,7,5,14
2/22/2021,7,5,8
2/23/2021,7,5,7
2/24/2021,7,5,8
2/25/2021,7,5,10
2/26/2021,7,5,7
2/27/2021,7,5,12
2/28/2021,7,5,14
2/29/2021,7,5,8
3/1/2021,7,5,12
3/2/2021,7,5,9
3/3/2021,7,5,11
3/4/2021,7,5,15
3/5/2021,7,5,17
3/6/2021,7,5,17
3/7/2021,7,5,9
3/8/2021,7,5,11
3/9/2021,7,5,7
3/10/2021,7,5,6
3/11/2021,7,5,11
3/12/2021,7,5,17
3/13/2021,7,5,19
3/14/2021,7,5,12
3/15/2021,7,5,17
3/16/2021,7,5,17
3/17/2021,7,5,10
3/18/2021,7,5,12
3/19/2021,7,5,16
3/20/2021,7,5,14
3/21/2021,7,5,5
3/22/2021,7,5,12
3/23/2021,7,5,18
3/24/2021,7,5,11
3/25/2021,7,5,13
3/26/2021,7,5,22
3/27/2021,7,5,16
3/28/2021,7,5,13
3/29/2021,7,5,9
3/30/2021,7,5,15
3/31/2021,7,5,12
4/1/2021,7,5,11
4/2/2021,7,5,13
4/3/2021,7,5,24
4/4/2021,7,5,10
4/5/2021,7,5,8
4/6/2021,7,5,13
4/7/2021,7,5,16
4/8/2021,7,5,11
4/9/2021,7,5,13
4/10/2021,7,5,12
4/11/2021,7,5,7
4/12/2021,7,5,17
4/13/2021,7,5,16
4/14/2021,7,5,14
4/15/2021,7,5,18
4/16/2021,7,5,12
4/17/2021,7,5,20
4/18/2021,7,5,17
4/19/2021,7,5,15
4/20/2021,7,5,19
4/21/2021,7,5,18
4/22/2021,7,5,15
4/23/2021,7,5,11
4/24/2021,7,5,21
4/25/2021,7,5,6
4/26/2021,7,5,17
4/27/2021,7,5,10
4/28/2021,7,5,19
4/29/2021,7,5,12
4/30/2021,7,5,15
5/1/2021,7,5,20
5/2/2021,7,5,12
5/3/2021,7,5,13
5/4/2021,7,5,14
5/5/2021,7,5,17
5/6/2021,7,5,20
5/7/2021,7,5,19
5/8/2021,7,5,17
5/9/2021,7,5,6
5/10/2021,7,5,14
5/11/2021,7,5,12
5/12/2021,7,5,17
5/13/2021,7,5,19
5/14/2021,7,5,18
5/15/2021,7,5,23
5/16/2021,7,5,18
5/17/2021,7,5,14
5/18/2021,7,5,12
5/19/2021,7,5,14
5/20/2021,7,5,15
5/21/2021,7,5,16
5/22/2021,7,5,18
5/23/2021,7,5,16
5/24/2021,7,5,11
5/25/2021,7,5,12
5/26/2021,7,5,17
5/27/2021,7,5,14
5/28/2021,7,5,18
5/29/2021,7,5,22
5/30/2021,7,5,10
5/31/2021,7,5,13
6/1/2021,7,5,22
6/2/2021,7,5,19
6/3/2021,7,5,10
6/4/2021,7,5,15
6/5/2021,7,5,16
6/6/2021,7,5,13
6/7/2021,7,5,18
6/8/2021,7,5,22
6/9/2021,7,5,16
6/10/2021,7,5,18
6/11/2021,7,5,21
6/12/2021,7,5,19
6/13/2021,7,5,9
6/14/2021,7,5,8
6/15/2021,7,5,13
6/16/2021,7,5,16
6/17/2021,7,5,14
6/18/2021,7,5,28
6/19/2021,7,5,30
6/20/2021,7,5,10
6/21/2021,7,5,23
6/22/2021,7,5,14
6/23/2021,7,5,14
6/24/2021,7,5,23
6/25/2021,7,5,13
6/26/2021,7,5,24
6/27/2021,7,5,17
6/28/2021,7,5,15
6/29/2021,7,5,12
6/30/2021,7,5,27
7/1/2021,7,5,19
7/2/2021,7,5,9
7/3/2021,7,5,18
7/4/2021,7,5,14
7/5/2021,7,5,9
7/6/2021,7,5,29
7/7/2021,7,5,23
7/8/2021,7,5,23
7/9/2021,7,5,15
7/10/2021,7,5,18
7/11/2021,7,5,16
7/12/2021,7,5,22
7/13/2021,7,5,20
7/14/2021,7,5,10
7/15/2021,7,5,24
7/16/2021,7,5,16
7/17/2021,7,5,14
7/18/2021,7,5,15
7/19/2021,7,5,18
7/20/2021,7,5,16
7/21/2021,7,5,16
7/22/2021,7,5,16
7/23/2021,7,5,24
7/24/2021,7,5,24
7/25/2021,7,5,13
7/26/2021,7,5,13
7/27/2021,7,5,21
7/28/2021,7,5,18
7/29/2021,7,5,15
7/30/2021,7,5,15
7/31/2021,7,5,18
8/1/2021,7,5,20
8/2/2021,7,5,13
8/3/2021,7,5,14
8/4/2021,7,5,20
8/5/2021,7,5,16
8/6/2021,7,5,22
8/7/2021,7,5,14
8/8/2021,7,5,11
8/9/2021,7,5,16
8/10/2021,7,5,8
8/11/2021,7,5,20
8/12/2021,7,5,15
8/13/2021,7,5,17
8/14/2021,7,5,19
8/15/2021,7,5,9
8/16/2021,7,5,7
8/17/2021,7,5,21
8/18/2021,7,5,14
8/19/2021,7,5,15
8/20/2021,7,5,15
8/21/2021,7,5,16
8/22/2021,7,5,13
8/23/2021,7,5,17
8/24/2021,7,5,16
8/25/2021,7,5,18
8/26/2021,7,5,21
8/27/2021,7,5,13
8/28/2021,7,5,23
8/29/2021,7,5,16
8/30/2021,7,5,12
8/31/2021,7,5,13
9/1/2021,7,5,14
9/2/2021,7,5,19
9/3/2021,7,5,16
9/4/2021,7,5,16
9/5/2021,7,5,13
9/6/2021,7,5,11
9/7/2021,7,5,12
9/8/2021,7,5,14
9/9/2021,7,5,16
9/10/2021,7,5,15
9/11/2021,7,5,18
9/12/2021,7,5,13
9/13/2021,7,5,15
9/14/2021,7,5,13
9/15/2021,7,5,22
9/16/2021,7,5,15
9/17/2021,7,5,26
9/18/2021,7,5,14
9/19/2021,7,5,13
9/20/2021,7,5,12
9/21/2021,7,5,12
9/22/2021,7,5,14
9/23/2021,7,5,13
9/24/2021,7,5,18
9/25/2021,7,5,24
9/26/2021,7,5,9
9/27/2021,7,5,11
9/28/2021,7,5,7
9/29/2021,7,5,19
9/30/2021,7,5,15
10/1/2021,7,5,11
10/2/2021,7,5,21
10/3/2021,7,5,11
10/4/2021,7,5,6
10/5/2021,7,5,5
10/6/2021,7,5,15
10/7/2021,7,5,10
10/8/2021,7,5,18
10/9/2021,7,5,21
10/10/2021,7,5,11
10/11/2021,7,5,14
10/12/2021,7,5,16
10/13/2021,7,5,15
10/14/2021,7,5,16
10/15/2021,7,5,19
10/16/2021,7,5,12
10/17/2021,7,5,13
10/18/2021,7,5,14
10/19/2021,7,5,11
10/20/2021,7,5,15
10/21/2021,7,5,19
10/22/2021,7,5,9
10/23/2021,7,5,17
10/24/2021,7,5,7
10/25/2021,7,5,9
10/26/2021,7,5,13
10/27/2021,7,5,11
10/28/2021,7,5,17
10/29/2021,7,5,19
10/30/2021,7,5,15
10/31/2021,7,5,7
11/1/2021,7,5,10
11/2/2021,7,5,18
11/3/2021,7,5,7
11/4/2021,7,5,16
11/5/2021,7,5,22
11/6/2021,7,5,25
11/7/2021,7,5,8
11/8/2021,7,5,10
11/9/2021,7,5,9
11/10/2021,7,5,13
11/11/2021,7,5,17
11/12/2021,7,5,15
11/13/2021,7,5,20
11/14/2021,7,5,13
11/15/2021,7,5,16
11/16/2021,7,5,10
11/17/2021,7,5,15
11/18/2021,7,5,25
11/19/2021,7,5,12
11/20/2021,7,5,17
11/21/2021,7,5,8
11/22/2021,7,5,11
11/23/2021,7,5,15
11/24/2021,7,5,12
11/25/2021,7,5,17
11/26/2021,7,5,13
11/27/2021,7,5,15
11/28/2021,7,5,14
11/29/2021,7,5,17
11/30/2021,7,5,14
12/1/2021,7,5,11
12/2/2021,7,5,6
12/3/2021,7,5,16
12/4/2021,7,5,11
12/5/2021,7,5,13
12/6/2021,7,5,8
12/7/2021,7,5,7
12/8/2021,7,5,7
12/9/2021,7,5,9
12/10/2021,7,5,13
12/11/2021,7,5,15
12/12/2021,7,5,10
12/13/2021,7,5,9
12/14/2021,7,5,4
12/15/2021,7,5,9
12/16/2021,7,5,11
12/17/2021,7,5,10
12/18/2021,7,5,11
12/19/2021,7,5,3
12/20/2021,7,5,7
12/21/2021,7,5,10
12/22/2021,7,5,13
12/23/2021,7,5,12
12/24/2021,7,5,14
12/25/2021,7,5,12
12/26/2021,7,5,10
12/27/2021,7,5,11
12/28/2021,7,5,6
12/29/2021,7,5,5
12/30/2021,7,5,16
12/31/2021,7,5,12
1/1/2022,7,5,11
1/2/2022,7,5,7
1/3/2022,7,5,13
1/4/2022,7,5,15
1/5/2022,7,5,12
1/6/2022,7,5,11
1/7/2022,7,5,9
1/8/2022,7,5,21
1/9/2022,7,5,6
1/10/2022,7,5,12
1/11/2022,7,5,8
1/12/2022,7,5,6
1/13/2022,7,5,12
1/14/2022,7,5,9
1/15/2022,7,5,12
1/16/2022,7,5,9
1/17/2022,7,5,5
1/18/2022,7,5,7
1/19/2022,7,5,2
1/20/2022,7,5,2
1/21/2022,7,5,17
1/22/2022,7,5,13
1/23/2022,7,5,8
1/24/2022,7,5,13
1/25/2022,7,5,14
1/26/2022,7,5,10
1/27/2022,7,5,7
1/28/2022,7,5,11
1/29/2022,7,5,7
1/30/2022,7,5,8
1/31/2022,7,5,7
2/1/2022,7,5,9
2/2/2022,7,5,17
2/3/2022,7,5,8
2/4/2022,7,5,8
2/5/2022,7,5,12
2/6/2022,7,5,10
2/7/2022,7,5,11
2/8/2022,7,5,9
2/9/2022,7,5,17
2/10/2022,7,5,13
2/11/2022,7,5,14
2/12/2022,7,5,15
2/13/2022,7,5,7
2/14/2022,7,5,15
2/15/2022,7,5,13
2/16/2022,7,5,15
2/17/2022,7,5,4
2/18/2022,7,5,19
2/19/2022,7,5,8
2/20/2022,7,5,5
2/21/2022,7,5,10
2/22/2022,7,5,11
2/23/2022,7,5,9
2/24/2022,7,5,17
2/25/2022,7,5,15
2/26/2022,7,5,11
2/27/2022,7,5,11
2/28/2022,7,5,8
3/1/2022,7,5,7
3/2/2022,7,5,17
3/3/2022,7,5,11
3/4/2022,7,5,11
3/5/2022,7,5,14
3/6/2022,7,5,16
3/7/2022,7,5,20
3/8/2022,7,5,15
3/9/2022,7,5,25
3/10/2022,7,5,15
3/11/2022,7,5,13
3/12/2022,7,5,9
3/13/2022,7,5,14
3/14/2022,7,5,12
3/15/2022,7,5,14
3/16/2022,7,5,14
3/17/2022,7,5,18
3/18/2022,7,5,10
3/19/2022,7,5,16
3/20/2022,7,5,7
3/21/2022,7,5,8
3/22/2022,7,5,13
3/23/2022,7,5,21
3/24/2022,7,5,10
3/25/2022,7,5,7
3/26/2022,7,5,12
3/27/2022,7,5,8
3/28/2022,7,5,18
3/29/2022,7,5,16
3/30/2022,7,5,14
3/31/2022,7,5,17
4/1/2022,7,5,12
4/2/2022,7,5,15
4/3/2022,7,5,13
4/4/2022,7,5,14
4/5/2022,7,5,8
4/6/2022,7,5,9
4/7/2022,7,5,15
4/8/2022,7,5,12
4/9/2022,7,5,14
4/10/2022,7,5,10
4/11/2022,7,5,12
4/12/2022,7,5,14
4/13/2022,7,5,14
4/14/2022,7,5,19
4/15/2022,7,5,22
4/16/2022,7,5,18
4/17/2022,7,5,12
4/18/2022,7,5,15
4/19/2022,7,5,5
4/20/2022,7,5,12
4/21/2022,7,5,9
4/22/2022,7,5,15
4/23/2022,7,5,14
4/24/2022,7,5,12
4/25/2022,7,5,15
4/26/2022,7,5,16
4/27/2022,7,5,20
4/28/2022,7,5,20
4/29/2022,7,5,12
4/30/2022,7,5,23
5/1/2022,7,5,13
5/2/2022,7,5,24
5/3/2022,7,5,18
5/4/2022,7,5,19
5/5/2022,7,5,25
5/6/2022,7,5,15
5/7/2022,7,5,13
5/8/2022,7,5,10
5/9/2022,7,5,17
5/10/2022,7,5,13
5/11/2022,7,5,14
5/12/2022,7,5,20
5/13/2022,7,5,18
5/14/2022,7,5,14
5/15/2022,7,5,15
5/16/2022,7,5,16
5/17/2022,7,5,24
5/18/2022,7,5,9
5/19/2022,7,5,19
5/20/2022,7,5,19
5/21/2022,7,5,16
5/22/2022,7,5,9
5/23/2022,7,5,22
5/24/2022,7,5,15
5/25/2022,7,5,17
5/26/2022,7,5,20
5/27/2022,7,5,15
5/28/2022,7,5,21
5/29/2022,7,5,8
5/30/2022,7,5,20
5/31/2022,7,5,10
6/1/2022,7,5,16
6/2/2022,7,5,17
6/3/2022,7,5,21
6/4/2022,7,5,21
6/5/2022,7,5,17
6/6/2022,7,5,12
6/7/2022,7,5,13
6/8/2022,7,5,25
6/9/2022,7,5,18
6/10/2022,7,5,18
6/11/2022,7,5,31
6/12/2022,7,5,10
6/13/2022,7,5,16
6/14/2022,7,5,18
6/15/2022,7,5,18
6/16/2022,7,5,15
6/17/2022,7,5,22
6/18/2022,7,5,26
6/19/2022,7,5,6
6/20/2022,7,5,9
6/21/2022,7,5,20
6/22/2022,7,5,7
6/23/2022,7,5,22
6/24/2022,7,5,17
6/25/2022,7,5,24
6/26/2022,7,5,12
6/27/2022,7,5,12
6/28/2022,7,5,15
6/29/2022,7,5,18
6/30/2022,7,5,18
7/1/2022,7,5,23
7/2/2022,7,5,21
7/3/2022,7,5,11
7/4/2022,7,5,26
7/5/2022,7,5,16
7/6/2022,7,5,22
7/7/2022,7,5,18
7/8/2022,7,5,15
7/9/2022,7,5,23
7/10/2022,7,5,18
7/11/2022,7,5,16
7/12/2022,7,5,17
7/13/2022,7,5,20
7/14/2022,7,5,18
7/15/2022,7,5,21
7/16/2022,7,5,24
7/17/2022,7,5,18
7/18/2022,7,5,12
7/19/2022,7,5,17
7/20/2022,7,5,22
7/21/2022,7,5,21
7/22/2022,7,5,29
7/23/2022,7,5,24
7/24/2022,7,5,14
7/25/2022,7,5,17
7/26/2022,7,5,18
7/27/2022,7,5,14
7/28/2022,7,5,16
7/29/2022,7,5,22
7/30/2022,7,5,23
7/31/2022,7,5,19
8/1/2022,7,5,14
8/2/2022,7,5,17
8/3/2022,7,5,14
8/4/2022,7,5,13
8/5/2022,7,5,18
8/6/2022,7,5,21
8/7/2022,7,5,14
8/8/2022,7,5,12
8/9/2022,7,5,14
8/10/2022,7,5,20
8/11/2022,7,5,16
8/12/2022,7,5,17
8/13/2022,7,5,16
8/14/2022,7,5,10
8/15/2022,7,5,18
8/16/2022,7,5,21
8/17/2022,7,5,13
8/18/2022,7,5,18
8/19/2022,7,5,12
8/20/2022,7,5,19
8/21/2022,7,5,15
8/22/2022,7,5,17
8/23/2022,7,5,15
8/24/2022,7,5,16
8/25/2022,7,5,19
8/26/2022,7,5,22
8/27/2022,7,5,19
8/28/2022,7,5,23
8/29/2022,7,5,14
8/30/2022,7,5,15
8/31/2022,7,5,6
9/1/2022,7,5,23
9/2/2022,7,5,17
9/3/2022,7,5,14
9/4/2022,7,5,17
9/5/2022,7,5,7
9/6/2022,7,5,15
9/7/2022,7,5,17
9/8/2022,7,5,15
9/9/2022,7,5,18
9/10/2022,7,5,19
9/11/2022,7,5,15
9/12/2022,7,5,14
9/13/2022,7,5,11
9/14/2022,7,5,14
9/15/2022,7,5,21
9/16/2022,7,5,11
9/17/2022,7,5,22
9/18/2022,7,5,15
9/19/2022,7,5,14
9/20/2022,7,5,17
9/21/2022,7,5,24
9/22/2022,7,5,15
9/23/2022,7,5,11
9/24/2022,7,5,14
9/25/2022,7,5,15
9/26/2022,7,5,18
9/27/2022,7,5,6
9/28/2022,7,5,20
9/29/2022,7,5,12
9/30/2022,7,5,10
10/1/2022,7,5,13
10/2/2022,7,5,13
10/3/2022,7,5,13
10/4/2022,7,5,7
10/5/2022,7,5,15
10/6/2022,7,5,22
10/7/2022,7,5,19
10/8/2022,7,5,12
10/9/2022,7,5,10
10/10/2022,7,5,10
10/11/2022,7,5,13
10/12/2022,7,5,15
10/13/2022,7,5,22
10/14/2022,7,5,14
10/15/2022,7,5,10
10/16/2022,7,5,10
10/17/2022,7,5,13
10/18/2022,7,5,10
10/19/2022,7,5,9
10/20/2022,7,5,15
10/21/2022,7,5,17
10/22/2022,7,5,15
10/23/2022,7,5,12
10/24/2022,7,5,9
10/25/2022,7,5,16
10/26/2022,7,5,14
10/27/2022,7,5,15
10/28/2022,7,5,19
10/29/2022,7,5,17
10/30/2022,7,5,9
10/31/2022,7,5,12
11/1/2022,7,5,15
11/2/2022,7,5,7
11/3/2022,7,5,17
11/4/2022,7,5,14
11/5/2022,7,5,15
11/6/2022,7,5,11
11/7/2022,7,5,12
11/8/2022,7,5,16
11/9/2022,7,5,8
11/10/2022,7,5,21
11/11/2022,7,5,17
11/12/2022,7,5,26
11/13/2022,7,5,12
11/14/2022,7,5,23
11/15/2022,7,5,10
11/16/2022,7,5,15
11/17/2022,7,5,12
11/18/2022,7,5,12
11/19/2022,7,5,23
11/20/2022,7,5,10
11/21/2022,7,5,11
11/22/2022,7,5,25
11/23/2022,7,5,24
11/24/2022,7,5,16
11/25/2022,7,5,14
11/26/2022,7,5,14
11/27/2022,7,5,10
11/28/2022,7,5,17
11/29/2022,7,5,19
11/30/2022,7,5,19
12/1/2022,7,5,10
12/2/2022,7,5,14
12/3/2022,7,5,11
12/4/2022,7,5,5
12/5/2022,7,5,9
12/6/2022,7,5,14
12/7/2022,7,5,20
12/8/2022,7,5,12
12/9/2022,7,5,15
12/10/2022,7,5,12
12/11/2022,7,5,8
12/12/2022,7,5,8
12/13/2022,7,5,11
12/14/2022,7,5,17
12/15/2022,7,5,9
12/16/2022,7,5,13
12/17/2022,7,5,7
12/18/2022,7,5,9
12/19/2022,7,5,18
12/20/2022,7,5,9
12/21/2022,7,5,7
12/22/2022,7,5,14
12/23/2022,7,5,11
12/24/2022,7,5,15
12/25/2022,7,5,8
12/26/2022,7,5,12
12/27/2022,7,5,14
12/28/2022,7,5,5
12/29/2022,7,5,4
12/30/2022,7,5,8
12/31/2022,7,5,12
1/1/2018,8,5,10
1/2/2018,8,5,9
1/3/2018,8,5,14
1/4/2018,8,5,10
1/5/2018,8,5,14
1/6/2018,8,5,16
1/7/2018,8,5,9
1/8/2018,8,5,10
1/9/2018,8,5,15
1/10/2018,8,5,11
1/11/2018,8,5,15
1/12/2018,8,5,4
1/13/2018,8,5,10
1/14/2018,8,5,7
1/15/2018,8,5,11
1/16/2018,8,5,13
1/17/2018,8,5,14
1/18/2018,8,5,13
1/19/2018,8,5,16
1/20/2018,8,5,15
1/21/2018,8,5,5
1/22/2018,8,5,12
1/23/2018,8,5,12
1/24/2018,8,5,12
1/25/2018,8,5,11
1/26/2018,8,5,11
1/27/2018,8,5,24
1/28/2018,8,5,12
1/29/2018,8,5,13
1/30/2018,8,5,9
1/31/2018,8,5,11
2/1/2018,8,5,17
2/2/2018,8,5,12
2/3/2018,8,5,13
2/4/2018,8,5,11
2/5/2018,8,5,10
2/6/2018,8,5,11
2/7/2018,8,5,16
2/8/2018,8,5,21
2/9/2018,8,5,9
2/10/2018,8,5,10
2/11/2018,8,5,10
2/12/2018,8,5,10
2/13/2018,8,5,9
2/14/2018,8,5,14
2/15/2018,8,5,9
2/16/2018,8,5,18
2/17/2018,8,5,18
2/18/2018,8,5,6
2/19/2018,8,5,8
2/20/2018,8,5,17
2/21/2018,8,5,13
2/22/2018,8,5,16
2/23/2018,8,5,16
2/24/2018,8,5,15
2/25/2018,8,5,11
2/26/2018,8,5,18
2/27/2018,8,5,11
2/28/2018,8,5,15
3/1/2018,8,5,13
3/2/2018,8,5,15
3/3/2018,8,5,12
3/4/2018,8,5,10
3/5/2018,8,5,21
3/6/2018,8,5,8
3/7/2018,8,5,21
3/8/2018,8,5,20
3/9/2018,8,5,18
3/10/2018,8,5,17
3/11/2018,8,5,15
3/12/2018,8,5,14
3/13/2018,8,5,13
3/14/2018,8,5,15
3/15/2018,8,5,16
3/16/2018,8,5,14
3/17/2018,8,5,23
3/18/2018,8,5,17
3/19/2018,8,5,9
3/20/2018,8,5,18
3/21/2018,8,5,14
3/22/2018,8,5,29
3/23/2018,8,5,12
3/24/2018,8,5,21
3/25/2018,8,5,17
3/26/2018,8,5,11
3/27/2018,8,5,17
3/28/2018,8,5,16
3/29/2018,8,5,22
3/30/2018,8,5,19
3/31/2018,8,5,18
4/1/2018,8,5,13
4/2/2018,8,5,17
4/3/2018,8,5,22
4/4/2018,8,5,21
4/5/2018,8,5,18
4/6/2018,8,5,22
4/7/2018,8,5,18
4/8/2018,8,5,18
4/9/2018,8,5,21
4/10/2018,8,5,16
4/11/2018,8,5,30
4/12/2018,8,5,25
4/13/2018,8,5,22
4/14/2018,8,5,26
4/15/2018,8,5,17
4/16/2018,8,5,19
4/17/2018,8,5,21
4/18/2018,8,5,25
4/19/2018,8,5,21
4/20/2018,8,5,20
4/21/2018,8,5,29
4/22/2018,8,5,17
4/23/2018,8,5,19
4/24/2018,8,5,19
4/25/2018,8,5,24
4/26/2018,8,5,25
4/27/2018,8,5,25
4/28/2018,8,5,18
4/29/2018,8,5,9
4/30/2018,8,5,19
5/1/2018,8,5,15
5/2/2018,8,5,21
5/3/2018,8,5,34
5/4/2018,8,5,22
5/5/2018,8,5,28
5/6/2018,8,5,14
5/7/2018,8,5,22
5/8/2018,8,5,22
5/9/2018,8,5,24
5/10/2018,8,5,25
5/11/2018,8,5,16
5/12/2018,8,5,23
5/13/2018,8,5,17
5/14/2018,8,5,24
5/15/2018,8,5,21
5/16/2018,8,5,23
5/17/2018,8,5,29
5/18/2018,8,5,27
5/19/2018,8,5,27
5/20/2018,8,5,19
5/21/2018,8,5,19
5/22/2018,8,5,20
5/23/2018,8,5,14
5/24/2018,8,5,24
5/25/2018,8,5,20
5/26/2018,8,5,29
5/27/2018,8,5,17
5/28/2018,8,5,18
5/29/2018,8,5,32
5/30/2018,8,5,25
5/31/2018,8,5,23
6/1/2018,8,5,28
6/2/2018,8,5,37
6/3/2018,8,5,15
6/4/2018,8,5,28
6/5/2018,8,5,27
6/6/2018,8,5,24
6/7/2018,8,5,25
6/8/2018,8,5,24
6/9/2018,8,5,33
6/10/2018,8,5,20
6/11/2018,8,5,17
6/12/2018,8,5,22
6/13/2018,8,5,24
6/14/2018,8,5,20
6/15/2018,8,5,31
6/16/2018,8,5,19
6/17/2018,8,5,17
6/18/2018,8,5,25
6/19/2018,8,5,17
6/20/2018,8,5,28
6/21/2018,8,5,25
6/22/2018,8,5,17
6/23/2018,8,5,21
6/24/2018,8,5,19
6/25/2018,8,5,21
6/26/2018,8,5,23
6/27/2018,8,5,14
6/28/2018,8,5,19
6/29/2018,8,5,23
6/30/2018,8,5,21
7/1/2018,8,5,18
7/2/2018,8,5,17
7/3/2018,8,5,25
7/4/2018,8,5,21
7/5/2018,8,5,27
7/6/2018,8,5,31
7/7/2018,8,5,26
7/8/2018,8,5,18
7/9/2018,8,5,22
7/10/2018,8,5,26
7/11/2018,8,5,20
7/12/2018,8,5,22
7/13/2018,8,5,26
7/14/2018,8,5,31
7/15/2018,8,5,13
7/16/2018,8,5,16
7/17/2018,8,5,23
7/18/2018,8,5,21
7/19/2018,8,5,21
7/20/2018,8,5,23
7/21/2018,8,5,27
7/22/2018,8,5,18
7/23/2018,8,5,19
7/24/2018,8,5,21
7/25/2018,8,5,21
7/26/2018,8,5,32
7/27/2018,8,5,29
7/28/2018,8,5,31
7/29/2018,8,5,22
7/30/2018,8,5,17
7/31/2018,8,5,12
8/1/2018,8,5,18
8/2/2018,8,5,21
8/3/2018,8,5,25
8/4/2018,8,5,32
8/5/2018,8,5,15
8/6/2018,8,5,20
8/7/2018,8,5,10
8/8/2018,8,5,22
8/9/2018,8,5,25
8/10/2018,8,5,25
8/11/2018,8,5,23
8/12/2018,8,5,15
8/13/2018,8,5,27
8/14/2018,8,5,16
8/15/2018,8,5,17
8/16/2018,8,5,23
8/17/2018,8,5,24
8/18/2018,8,5,17
8/19/2018,8,5,16
8/20/2018,8,5,28
8/21/2018,8,5,16
8/22/2018,8,5,19
8/23/2018,8,5,17
8/24/2018,8,5,28
8/25/2018,8,5,24
8/26/2018,8,5,15
8/27/2018,8,5,15
8/28/2018,8,5,22
8/29/2018,8,5,18
8/30/2018,8,5,26
8/31/2018,8,5,23
9/1/2018,8,5,24
9/2/2018,8,5,16
9/3/2018,8,5,10
9/4/2018,8,5,25
9/5/2018,8,5,16
9/6/2018,8,5,31
9/7/2018,8,5,25
9/8/2018,8,5,25
9/9/2018,8,5,18
9/10/2018,8,5,17
9/11/2018,8,5,18
9/12/2018,8,5,21
9/13/2018,8,5,22
9/14/2018,8,5,15
9/15/2018,8,5,32
9/16/2018,8,5,18
9/17/2018,8,5,20
9/18/2018,8,5,24
9/19/2018,8,5,24
9/20/2018,8,5,16
9/21/2018,8,5,11
9/22/2018,8,5,29
9/23/2018,8,5,20
9/24/2018,8,5,9
9/25/2018,8,5,18
9/26/2018,8,5,15
9/27/2018,8,5,24
9/28/2018,8,5,32
9/29/2018,8,5,23
9/30/2018,8,5,14
10/1/2018,8,5,16
10/2/2018,8,5,16
10/3/2018,8,5,19
10/4/2018,8,5,20
10/5/2018,8,5,25
10/6/2018,8,5,19
10/7/2018,8,5,10
10/8/2018,8,5,18
10/9/2018,8,5,18
10/10/2018,8,5,23
10/11/2018,8,5,23
10/12/2018,8,5,23
10/13/2018,8,5,19
10/14/2018,8,5,11
10/15/2018,8,5,23
10/16/2018,8,5,18
10/17/2018,8,5,17
10/18/2018,8,5,25
10/19/2018,8,5,20
10/20/2018,8,5,26
10/21/2018,8,5,17
10/22/2018,8,5,24
10/23/2018,8,5,20
10/24/2018,8,5,25
10/25/2018,8,5,16
10/26/2018,8,5,23
10/27/2018,8,5,17
10/28/2018,8,5,13
10/29/2018,8,5,19
10/30/2018,8,5,23
10/31/2018,8,5,14
11/1/2018,8,5,20
11/2/2018,8,5,24
11/3/2018,8,5,27
11/4/2018,8,5,17
11/5/2018,8,5,23
11/6/2018,8,5,14
11/7/2018,8,5,26
11/8/2018,8,5,21
11/9/2018,8,5,18
11/10/2018,8,5,16
11/11/2018,8,5,13
11/12/2018,8,5,14
11/13/2018,8,5,23
11/14/2018,8,5,19
11/15/2018,8,5,22
11/16/2018,8,5,19
11/17/2018,8,5,25
11/18/2018,8,5,22
11/19/2018,8,5,17
11/20/2018,8,5,14
11/21/2018,8,5,20
11/22/2018,8,5,26
11/23/2018,8,5,24
11/24/2018,8,5,34
11/25/2018,8,5,17
11/26/2018,8,5,20
11/27/2018,8,5,22
11/28/2018,8,5,18
11/29/2018,8,5,13
11/30/2018,8,5,19
12/1/2018,8,5,20
12/2/2018,8,5,9
12/3/2018,8,5,24
12/4/2018,8,5,9
12/5/2018,8,5,16
12/6/2018,8,5,17
12/7/2018,8,5,21
12/8/2018,8,5,18
12/9/2018,8,5,10
12/10/2018,8,5,9
12/11/2018,8,5,13
12/12/2018,8,5,11
12/13/2018,8,5,11
12/14/2018,8,5,17
12/15/2018,8,5,16
12/16/2018,8,5,5
12/17/2018,8,5,16
12/18/2018,8,5,8
12/19/2018,8,5,15
12/20/2018,8,5,12
12/21/2018,8,5,8
12/22/2018,8,5,24
12/23/2018,8,5,17
12/24/2018,8,5,13
12/25/2018,8,5,13
12/26/2018,8,5,10
12/27/2018,8,5,14
12/28/2018,8,5,21
12/29/2018,8,5,17
12/30/2018,8,5,10
12/31/2018,8,5,20
1/1/2019,8,5,11
1/2/2019,8,5,19
1/3/2019,8,5,15
1/4/2019,8,5,24
1/5/2019,8,5,18
1/6/2019,8,5,7
1/7/2019,8,5,16
1/8/2019,8,5,18
1/9/2019,8,5,10
1/10/2019,8,5,11
1/11/2019,8,5,17
1/12/2019,8,5,14
1/13/2019,8,5,11
1/14/2019,8,5,21
1/15/2019,8,5,13
1/16/2019,8,5,14
1/17/2019,8,5,19
1/18/2019,8,5,14
1/19/2019,8,5,14
1/20/2019,8,5,19
1/21/2019,8,5,18
1/22/2019,8,5,17
1/23/2019,8,5,17
1/24/2019,8,5,19
1/25/2019,8,5,12
1/26/2019,8,5,14
1/27/2019,8,5,10
1/28/2019,8,5,16
1/29/2019,8,5,9
1/30/2019,8,5,18
1/31/2019,8,5,20
2/1/2019,8,5,27
2/2/2019,8,5,22
2/3/2019,8,5,9
2/4/2019,8,5,11
2/5/2019,8,5,11
2/6/2019,8,5,23
2/7/2019,8,5,15
2/8/2019,8,5,19
2/9/2019,8,5,20
2/10/2019,8,5,8
2/11/2019,8,5,22
2/12/2019,8,5,20
2/13/2019,8,5,16
2/14/2019,8,5,20
2/15/2019,8,5,19
2/16/2019,8,5,21
2/17/2019,8,5,13
2/18/2019,8,5,16
2/19/2019,8,5,10
2/20/2019,8,5,14
2/21/2019,8,5,18
2/22/2019,8,5,13
2/23/2019,8,5,11
2/24/2019,8,5,20
2/25/2019,8,5,16
2/26/2019,8,5,10
2/27/2019,8,5,9
2/28/2019,8,5,18
3/1/2019,8,5,33
3/2/2019,8,5,21
3/3/2019,8,5,17
3/4/2019,8,5,16
3/5/2019,8,5,14
3/6/2019,8,5,20
3/7/2019,8,5,19
3/8/2019,8,5,30
3/9/2019,8,5,28
3/10/2019,8,5,13
3/11/2019,8,5,21
3/12/2019,8,5,21
3/13/2019,8,5,15
3/14/2019,8,5,18
3/15/2019,8,5,21
3/16/2019,8,5,24
3/17/2019,8,5,13
3/18/2019,8,5,18
3/19/2019,8,5,16
3/20/2019,8,5,22
3/21/2019,8,5,16
3/22/2019,8,5,15
3/23/2019,8,5,26
3/24/2019,8,5,12
3/25/2019,8,5,15
3/26/2019,8,5,14
3/27/2019,8,5,23
3/28/2019,8,5,8
3/29/2019,8,5,25
3/30/2019,8,5,19
3/31/2019,8,5,16
4/1/2019,8,5,23
4/2/2019,8,5,19
4/3/2019,8,5,24
4/4/2019,8,5,36
4/5/2019,8,5,25
4/6/2019,8,5,29
4/7/2019,8,5,18
4/8/2019,8,5,16
4/9/2019,8,5,24
4/10/2019,8,5,30
4/11/2019,8,5,21
4/12/2019,8,5,27
4/13/2019,8,5,17
4/14/2019,8,5,19
4/15/2019,8,5,22
4/16/2019,8,5,23
4/17/2019,8,5,21
4/18/2019,8,5,35
4/19/2019,8,5,22
4/20/2019,8,5,36
4/21/2019,8,5,12
4/22/2019,8,5,17
4/23/2019,8,5,26
4/24/2019,8,5,22
4/25/2019,8,5,20
4/26/2019,8,5,27
4/27/2019,8,5,28
4/28/2019,8,5,20
4/29/2019,8,5,20
4/30/2019,8,5,20
5/1/2019,8,5,20
5/2/2019,8,5,27
5/3/2019,8,5,25
5/4/2019,8,5,28
5/5/2019,8,5,15
5/6/2019,8,5,28
5/7/2019,8,5,31
5/8/2019,8,5,19
5/9/2019,8,5,30
5/10/2019,8,5,22
5/11/2019,8,5,20
5/12/2019,8,5,25
5/13/2019,8,5,25
5/14/2019,8,5,22
5/15/2019,8,5,26
5/16/2019,8,5,25
5/17/2019,8,5,41
5/18/2019,8,5,30
5/19/2019,8,5,18
5/20/2019,8,5,24
5/21/2019,8,5,21
5/22/2019,8,5,29
5/23/2019,8,5,19
5/24/2019,8,5,30
5/25/2019,8,5,23
5/26/2019,8,5,29
5/27/2019,8,5,24
5/28/2019,8,5,27
5/29/2019,8,5,24
5/30/2019,8,5,21
5/31/2019,8,5,34
6/1/2019,8,5,27
6/2/2019,8,5,15
6/3/2019,8,5,21
6/4/2019,8,5,29
6/5/2019,8,5,29
6/6/2019,8,5,33
6/7/2019,8,5,33
6/8/2019,8,5,28
6/9/2019,8,5,30
6/10/2019,8,5,24
6/11/2019,8,5,28
6/12/2019,8,5,23
6/13/2019,8,5,27
6/14/2019,8,5,28
6/15/2019,8,5,32
6/16/2019,8,5,24
6/17/2019,8,5,24
6/18/2019,8,5,27
6/19/2019,8,5,27
6/20/2019,8,5,29
6/21/2019,8,5,27
6/22/2019,8,5,24
6/23/2019,8,5,22
6/24/2019,8,5,21
6/25/2019,8,5,23
6/26/2019,8,5,21
6/27/2019,8,5,28
6/28/2019,8,5,33
6/29/2019,8,5,29
6/30/2019,8,5,18
7/1/2019,8,5,27
7/2/2019,8,5,34
7/3/2019,8,5,36
7/4/2019,8,5,34
7/5/2019,8,5,28
7/6/2019,8,5,38
7/7/2019,8,5,14
7/8/2019,8,5,22
7/9/2019,8,5,19
7/10/2019,8,5,22
7/11/2019,8,5,27
7/12/2019,8,5,30
7/13/2019,8,5,38
7/14/2019,8,5,23
7/15/2019,8,5,19
7/16/2019,8,5,23
7/17/2019,8,5,24
7/18/2019,8,5,24
7/19/2019,8,5,29
7/20/2019,8,5,30
7/21/2019,8,5,21
7/22/2019,8,5,26
7/23/2019,8,5,21
7/24/2019,8,5,23
7/25/2019,8,5,26
7/26/2019,8,5,31
7/27/2019,8,5,37
7/28/2019,8,5,24
7/29/2019,8,5,22
7/30/2019,8,5,29
7/31/2019,8,5,19
8/1/2019,8,5,26
8/2/2019,8,5,26
8/3/2019,8,5,23
8/4/2019,8,5,29
8/5/2019,8,5,25
8/6/2019,8,5,25
8/7/2019,8,5,25
8/8/2019,8,5,22
8/9/2019,8,5,22
8/10/2019,8,5,26
8/11/2019,8,5,18
8/12/2019,8,5,23
8/13/2019,8,5,23
8/14/2019,8,5,25
8/15/2019,8,5,29
8/16/2019,8,5,19
8/17/2019,8,5,34
8/18/2019,8,5,22
8/19/2019,8,5,17
8/20/2019,8,5,21
8/21/2019,8,5,18
8/22/2019,8,5,18
8/23/2019,8,5,38
8/24/2019,8,5,28
8/25/2019,8,5,19
8/26/2019,8,5,21
8/27/2019,8,5,18
8/28/2019,8,5,26
8/29/2019,8,5,17
8/30/2019,8,5,33
8/31/2019,8,5,26
9/1/2019,8,5,26
9/2/2019,8,5,27
9/3/2019,8,5,20
9/4/2019,8,5,18
9/5/2019,8,5,23
9/6/2019,8,5,23
9/7/2019,8,5,24
9/8/2019,8,5,23
9/9/2019,8,5,20
9/10/2019,8,5,25
9/11/2019,8,5,24
9/12/2019,8,5,28
9/13/2019,8,5,16
9/14/2019,8,5,24
9/15/2019,8,5,19
9/16/2019,8,5,17
9/17/2019,8,5,20
9/18/2019,8,5,12
9/19/2019,8,5,18
9/20/2019,8,5,28
9/21/2019,8,5,21
9/22/2019,8,5,14
9/23/2019,8,5,22
9/24/2019,8,5,19
9/25/2019,8,5,22
9/26/2019,8,5,23
9/27/2019,8,5,23
9/28/2019,8,5,33
9/29/2019,8,5,14
9/30/2019,8,5,23
10/1/2019,8,5,7
10/2/2019,8,5,22
10/3/2019,8,5,21
10/4/2019,8,5,13
10/5/2019,8,5,21
10/6/2019,8,5,12
10/7/2019,8,5,20
10/8/2019,8,5,19
10/9/2019,8,5,18
10/10/2019,8,5,32
10/11/2019,8,5,30
10/12/2019,8,5,22
10/13/2019,8,5,18
10/14/2019,8,5,20
10/15/2019,8,5,18
10/16/2019,8,5,20
10/17/2019,8,5,25
10/18/2019,8,5,24
10/19/2019,8,5,26
10/20/2019,8,5,26
10/21/2019,8,5,20
10/22/2019,8,5,14
10/23/2019,8,5,18
10/24/2019,8,5,24
10/25/2019,8,5,22
10/26/2019,8,5,18
10/27/2019,8,5,28
10/28/2019,8,5,16
10/29/2019,8,5,25
10/30/2019,8,5,16
10/31/2019,8,5,24
11/1/2019,8,5,17
11/2/2019,8,5,26
11/3/2019,8,5,19
11/4/2019,8,5,19
11/5/2019,8,5,19
11/6/2019,8,5,33
11/7/2019,8,5,18
11/8/2019,8,5,16
11/9/2019,8,5,20
11/10/2019,8,5,22
11/11/2019,8,5,31
11/12/2019,8,5,9
11/13/2019,8,5,29
11/14/2019,8,5,31
11/15/2019,8,5,20
11/16/2019,8,5,24
11/17/2019,8,5,14
11/18/2019,8,5,27
11/19/2019,8,5,22
11/20/2019,8,5,17
11/21/2019,8,5,29
11/22/2019,8,5,21
11/23/2019,8,5,21
11/24/2019,8,5,13
11/25/2019,8,5,24
11/26/2019,8,5,25
11/27/2019,8,5,22
11/28/2019,8,5,25
11/29/2019,8,5,26
11/30/2019,8,5,27
12/1/2019,8,5,16
12/2/2019,8,5,19
12/3/2019,8,5,13
12/4/2019,8,5,9
12/5/2019,8,5,22
12/6/2019,8,5,16
12/7/2019,8,5,19
12/8/2019,8,5,8
12/9/2019,8,5,13
12/10/2019,8,5,14
12/11/2019,8,5,15
12/12/2019,8,5,22
12/13/2019,8,5,14
12/14/2019,8,5,18
12/15/2019,8,5,9
12/16/2019,8,5,11
12/17/2019,8,5,12
12/18/2019,8,5,10
12/19/2019,8,5,19
12/20/2019,8,5,21
12/21/2019,8,5,19
12/22/2019,8,5,12
12/23/2019,8,5,13
12/24/2019,8,5,13
12/25/2019,8,5,20
12/26/2019,8,5,19
12/27/2019,8,5,15
12/28/2019,8,5,21
12/29/2019,8,5,16
12/30/2019,8,5,13
12/31/2019,8,5,18
1/1/2020,8,5,13
1/2/2020,8,5,11
1/3/2020,8,5,18
1/4/2020,8,5,23
1/5/2020,8,5,11
1/6/2020,8,5,16
1/7/2020,8,5,18
1/8/2020,8,5,12
1/9/2020,8,5,8
1/10/2020,8,5,13
1/11/2020,8,5,17
1/12/2020,8,5,13
1/13/2020,8,5,11
1/14/2020,8,5,14
1/15/2020,8,5,12
1/16/2020,8,5,16
1/17/2020,8,5,11
1/18/2020,8,5,20
1/19/2020,8,5,11
1/20/2020,8,5,14
1/21/2020,8,5,19
1/22/2020,8,5,8
1/23/2020,8,5,14
1/24/2020,8,5,16
1/25/2020,8,5,25
1/26/2020,8,5,10
1/27/2020,8,5,20
1/28/2020,8,5,13
1/29/2020,8,5,12
1/30/2020,8,5,19
1/31/2020,8,5,12
2/1/2020,8,5,21
2/2/2020,8,5,12
2/3/2020,8,5,12
2/4/2020,8,5,22
2/5/2020,8,5,16
2/6/2020,8,5,21
2/7/2020,8,5,16
2/8/2020,8,5,27
2/9/2020,8,5,13
2/10/2020,8,5,16
2/11/2020,8,5,11
2/12/2020,8,5,11
2/13/2020,8,5,21
2/14/2020,8,5,9
2/15/2020,8,5,16
2/16/2020,8,5,17
2/17/2020,8,5,15
2/18/2020,8,5,11
2/19/2020,8,5,24
2/20/2020,8,5,19
2/21/2020,8,5,28
2/22/2020,8,5,15
2/23/2020,8,5,10
2/24/2020,8,5,15
2/25/2020,8,5,18
2/26/2020,8,5,18
2/27/2020,8,5,12
2/28/2020,8,5,20
3/1/2020,8,5,24
3/2/2020,8,5,14
3/3/2020,8,5,24
3/4/2020,8,5,17
3/5/2020,8,5,14
3/6/2020,8,5,17
3/7/2020,8,5,15
3/8/2020,8,5,27
3/9/2020,8,5,14
3/10/2020,8,5,26
3/11/2020,8,5,23
3/12/2020,8,5,15
3/13/2020,8,5,19
3/14/2020,8,5,32
3/15/2020,8,5,23
3/16/2020,8,5,16
3/17/2020,8,5,19
3/18/2020,8,5,14
3/19/2020,8,5,20
3/20/2020,8,5,20
3/21/2020,8,5,22
3/22/2020,8,5,32
3/23/2020,8,5,13
3/24/2020,8,5,19
3/25/2020,8,5,22
3/26/2020,8,5,17
3/27/2020,8,5,17
3/28/2020,8,5,30
3/29/2020,8,5,21
3/30/2020,8,5,12
3/31/2020,8,5,18
4/1/2020,8,5,20
4/2/2020,8,5,27
4/3/2020,8,5,18
4/4/2020,8,5,23
4/5/2020,8,5,28
4/6/2020,8,5,24
4/7/2020,8,5,28
4/8/2020,8,5,21
4/9/2020,8,5,13
4/10/2020,8,5,26
4/11/2020,8,5,25
4/12/2020,8,5,26
4/13/2020,8,5,12
4/14/2020,8,5,19
4/15/2020,8,5,31
4/16/2020,8,5,28
4/17/2020,8,5,28
4/18/2020,8,5,30
4/19/2020,8,5,32
4/20/2020,8,5,14
4/21/2020,8,5,19
4/22/2020,8,5,19
4/23/2020,8,5,22
4/24/2020,8,5,22
4/25/2020,8,5,21
4/26/2020,8,5,27
4/27/2020,8,5,18
4/28/2020,8,5,18
4/29/2020,8,5,23
4/30/2020,8,5,15
5/1/2020,8,5,30
5/2/2020,8,5,28
5/3/2020,8,5,31
5/4/2020,8,5,19
5/5/2020,8,5,26
5/6/2020,8,5,20
5/7/2020,8,5,18
5/8/2020,8,5,25
5/9/2020,8,5,21
5/10/2020,8,5,36
5/11/2020,8,5,18
5/12/2020,8,5,26
5/13/2020,8,5,19
5/14/2020,8,5,19
5/15/2020,8,5,33
5/16/2020,8,5,27
5/17/2020,8,5,33
5/18/2020,8,5,14
5/19/2020,8,5,16
5/20/2020,8,5,23
5/21/2020,8,5,21
5/22/2020,8,5,26
5/23/2020,8,5,41
5/24/2020,8,5,30
5/25/2020,8,5,25
5/26/2020,8,5,22
5/27/2020,8,5,28
5/28/2020,8,5,30
5/29/2020,8,5,23
5/30/2020,8,5,24
5/31/2020,8,5,30
6/1/2020,8,5,16
6/2/2020,8,5,25
6/3/2020,8,5,20
6/4/2020,8,5,19
6/5/2020,8,5,18
6/6/2020,8,5,29
6/7/2020,8,5,24
6/8/2020,8,5,22
6/9/2020,8,5,19
6/10/2020,8,5,17
6/11/2020,8,5,32
6/12/2020,8,5,36
6/13/2020,8,5,25
6/14/2020,8,5,35
6/15/2020,8,5,22
6/16/2020,8,5,16
6/17/2020,8,5,21
6/18/2020,8,5,37
6/19/2020,8,5,17
6/20/2020,8,5,37
6/21/2020,8,5,32
6/22/2020,8,5,22
6/23/2020,8,5,25
6/24/2020,8,5,25
6/25/2020,8,5,27
6/26/2020,8,5,23
6/27/2020,8,5,26
6/28/2020,8,5,29
6/29/2020,8,5,15
6/30/2020,8,5,19
7/1/2020,8,5,28
7/2/2020,8,5,32
7/3/2020,8,5,27
7/4/2020,8,5,32
7/5/2020,8,5,39
7/6/2020,8,5,23
7/7/2020,8,5,22
7/8/2020,8,5,23
7/9/2020,8,5,31
7/10/2020,8,5,41
7/11/2020,8,5,38
7/12/2020,8,5,31
7/13/2020,8,5,23
7/14/2020,8,5,28
7/15/2020,8,5,29
7/16/2020,8,5,31
7/17/2020,8,5,33
7/18/2020,8,5,34
7/19/2020,8,5,28
7/20/2020,8,5,18
7/21/2020,8,5,30
7/22/2020,8,5,39
7/23/2020,8,5,24
7/24/2020,8,5,31
7/25/2020,8,5,27
7/26/2020,8,5,29
7/27/2020,8,5,23
7/28/2020,8,5,25
7/29/2020,8,5,26
7/30/2020,8,5,22
7/31/2020,8,5,21
8/1/2020,8,5,25
8/2/2020,8,5,25
8/3/2020,8,5,19
8/4/2020,8,5,20
8/5/2020,8,5,22
8/6/2020,8,5,20
8/7/2020,8,5,26
8/8/2020,8,5,24
8/9/2020,8,5,28
8/10/2020,8,5,18
8/11/2020,8,5,25
8/12/2020,8,5,29
8/13/2020,8,5,21
8/14/2020,8,5,31
8/15/2020,8,5,19
8/16/2020,8,5,26
8/17/2020,8,5,18
8/18/2020,8,5,24
8/19/2020,8,5,20
8/20/2020,8,5,23
8/21/2020,8,5,26
8/22/2020,8,5,28
8/23/2020,8,5,28
8/24/2020,8,5,29
8/25/2020,8,5,20
8/26/2020,8,5,20
8/27/2020,8,5,25
8/28/2020,8,5,34
8/29/2020,8,5,25
8/30/2020,8,5,33
8/31/2020,8,5,17
9/1/2020,8,5,12
9/2/2020,8,5,31
9/3/2020,8,5,18
9/4/2020,8,5,22
9/5/2020,8,5,31
9/6/2020,8,5,33
9/7/2020,8,5,16
9/8/2020,8,5,19
9/9/2020,8,5,29
9/10/2020,8,5,12
9/11/2020,8,5,20
9/12/2020,8,5,32
9/13/2020,8,5,32
9/14/2020,8,5,16
9/15/2020,8,5,24
9/16/2020,8,5,22
9/17/2020,8,5,26
9/18/2020,8,5,30
9/19/2020,8,5,32
9/20/2020,8,5,29
9/21/2020,8,5,17
9/22/2020,8,5,28
9/23/2020,8,5,19
9/24/2020,8,5,17
9/25/2020,8,5,34
9/26/2020,8,5,33
9/27/2020,8,5,24
9/28/2020,8,5,17
9/29/2020,8,5,20
9/30/2020,8,5,12
10/1/2020,8,5,20
10/2/2020,8,5,24
10/3/2020,8,5,20
10/4/2020,8,5,32
10/5/2020,8,5,24
10/6/2020,8,5,17
10/7/2020,8,5,33
10/8/2020,8,5,21
10/9/2020,8,5,16
10/10/2020,8,5,29
10/11/2020,8,5,33
10/12/2020,8,5,15
10/13/2020,8,5,19
10/14/2020,8,5,16
10/15/2020,8,5,16
10/16/2020,8,5,19
10/17/2020,8,5,28
10/18/2020,8,5,23
10/19/2020,8,5,22
10/20/2020,8,5,22
10/21/2020,8,5,17
10/22/2020,8,5,19
10/23/2020,8,5,28
10/24/2020,8,5,16
10/25/2020,8,5,27
10/26/2020,8,5,20
10/27/2020,8,5,24
10/28/2020,8,5,21
10/29/2020,8,5,21
10/30/2020,8,5,32
10/31/2020,8,5,27
11/1/2020,8,5,29
11/2/2020,8,5,17
11/3/2020,8,5,28
11/4/2020,8,5,25
11/5/2020,8,5,15
11/6/2020,8,5,32
11/7/2020,8,5,23
11/8/2020,8,5,25
11/9/2020,8,5,17
11/10/2020,8,5,17
11/11/2020,8,5,21
11/12/2020,8,5,23
11/13/2020,8,5,29
11/14/2020,8,5,18
11/15/2020,8,5,22
11/16/2020,8,5,16
11/17/2020,8,5,27
11/18/2020,8,5,25
11/19/2020,8,5,30
11/20/2020,8,5,21
11/21/2020,8,5,26
11/22/2020,8,5,34
11/23/2020,8,5,19
11/24/2020,8,5,22
11/25/2020,8,5,21
11/26/2020,8,5,20
11/27/2020,8,5,27
11/28/2020,8,5,24
11/29/2020,8,5,23
11/30/2020,8,5,13
12/1/2020,8,5,16
12/2/2020,8,5,14
12/3/2020,8,5,21
12/4/2020,8,5,20
12/5/2020,8,5,17
12/6/2020,8,5,23
12/7/2020,8,5,16
12/8/2020,8,5,14
12/9/2020,8,5,11
12/10/2020,8,5,15
12/11/2020,8,5,21
12/12/2020,8,5,23
12/13/2020,8,5,18
12/14/2020,8,5,15
12/15/2020,8,5,13
12/16/2020,8,5,22
12/17/2020,8,5,13
12/18/2020,8,5,21
12/19/2020,8,5,20
12/20/2020,8,5,19
12/21/2020,8,5,14
12/22/2020,8,5,26
12/23/2020,8,5,8
12/24/2020,8,5,11
12/25/2020,8,5,25
12/26/2020,8,5,22
12/27/2020,8,5,20
12/28/2020,8,5,14
12/29/2020,8,5,19
12/30/2020,8,5,15
12/31/2020,8,5,17
1/1/2021,8,5,21
1/2/2021,8,5,20
1/3/2021,8,5,18
1/4/2021,8,5,13
1/5/2021,8,5,19
1/6/2021,8,5,17
1/7/2021,8,5,14
1/8/2021,8,5,24
1/9/2021,8,5,15
1/10/2021,8,5,15
1/11/2021,8,5,18
1/12/2021,8,5,15
1/13/2021,8,5,16
1/14/2021,8,5,16
1/15/2021,8,5,17
1/16/2021,8,5,26
1/17/2021,8,5,13
1/18/2021,8,5,12
1/19/2021,8,5,12
1/20/2021,8,5,12
1/21/2021,8,5,16
1/22/2021,8,5,11
1/23/2021,8,5,18
1/24/2021,8,5,16
1/25/2021,8,5,20
1/26/2021,8,5,19
1/27/2021,8,5,12
1/28/2021,8,5,15
1/29/2021,8,5,15
1/30/2021,8,5,22
1/31/2021,8,5,23
2/1/2021,8,5,16
2/2/2021,8,5,18
2/3/2021,8,5,15
2/4/2021,8,5,16
2/5/2021,8,5,27
2/6/2021,8,5,14
2/7/2021,8,5,22
2/8/2021,8,5,8
2/9/2021,8,5,11
2/10/2021,8,5,11
2/11/2021,8,5,12
2/12/2021,8,5,17
2/13/2021,8,5,25
2/14/2021,8,5,14
2/15/2021,8,5,9
2/16/2021,8,5,21
2/17/2021,8,5,18
2/18/2021,8,5,23
2/19/2021,8,5,19
2/20/2021,8,5,21
2/21/2021,8,5,36
2/22/2021,8,5,13
2/23/2021,8,5,20
2/24/2021,8,5,16
2/25/2021,8,5,9
2/26/2021,8,5,19
2/27/2021,8,5,21
2/28/2021,8,5,19
2/29/2021,8,5,15
3/1/2021,8,5,27
3/2/2021,8,5,18
3/3/2021,8,5,20
3/4/2021,8,5,22
3/5/2021,8,5,32
3/6/2021,8,5,18
3/7/2021,8,5,22
3/8/2021,8,5,20
3/9/2021,8,5,18
3/10/2021,8,5,23
3/11/2021,8,5,18
3/12/2021,8,5,25
3/13/2021,8,5,24
3/14/2021,8,5,17
3/15/2021,8,5,24
3/16/2021,8,5,25
3/17/2021,8,5,25
3/18/2021,8,5,17
3/19/2021,8,5,29
3/20/2021,8,5,26
3/21/2021,8,5,16
3/22/2021,8,5,21
3/23/2021,8,5,17
3/24/2021,8,5,25
3/25/2021,8,5,28
3/26/2021,8,5,25
3/27/2021,8,5,23
3/28/2021,8,5,16
3/29/2021,8,5,14
3/30/2021,8,5,23
3/31/2021,8,5,19
4/1/2021,8,5,25
4/2/2021,8,5,32
4/3/2021,8,5,37
4/4/2021,8,5,22
4/5/2021,8,5,26
4/6/2021,8,5,21
4/7/2021,8,5,26
4/8/2021,8,5,35
4/9/2021,8,5,24
4/10/2021,8,5,35
4/11/2021,8,5,16
4/12/2021,8,5,24
4/13/2021,8,5,31
4/14/2021,8,5,22
4/15/2021,8,5,27
4/16/2021,8,5,32
4/17/2021,8,5,26
4/18/2021,8,5,21
4/19/2021,8,5,24
4/20/2021,8,5,14
4/21/2021,8,5,33
4/22/2021,8,5,34
4/23/2021,8,5,30
4/24/2021,8,5,33
4/25/2021,8,5,18
4/26/2021,8,5,25
4/27/2021,8,5,29
4/28/2021,8,5,30
4/29/2021,8,5,31
4/30/2021,8,5,23
5/1/2021,8,5,38
5/2/2021,8,5,22
5/3/2021,8,5,28
5/4/2021,8,5,21
5/5/2021,8,5,20
5/6/2021,8,5,34
5/7/2021,8,5,40
5/8/2021,8,5,26
5/9/2021,8,5,31
5/10/2021,8,5,28
5/11/2021,8,5,20
5/12/2021,8,5,26
5/13/2021,8,5,29
5/14/2021,8,5,24
5/15/2021,8,5,33
5/16/2021,8,5,17
5/17/2021,8,5,29
5/18/2021,8,5,22
5/19/2021,8,5,26
5/20/2021,8,5,27
5/21/2021,8,5,36
5/22/2021,8,5,34
5/23/2021,8,5,17
5/24/2021,8,5,31
5/25/2021,8,5,19
5/26/2021,8,5,31
5/27/2021,8,5,26
5/28/2021,8,5,31
5/29/2021,8,5,38
5/30/2021,8,5,20
5/31/2021,8,5,22
6/1/2021,8,5,24
6/2/2021,8,5,31
6/3/2021,8,5,38
6/4/2021,8,5,26
6/5/2021,8,5,43
6/6/2021,8,5,18
6/7/2021,8,5,20
6/8/2021,8,5,33
6/9/2021,8,5,40
6/10/2021,8,5,26
6/11/2021,8,5,27
6/12/2021,8,5,42
6/13/2021,8,5,32
6/14/2021,8,5,22
6/15/2021,8,5,32
6/16/2021,8,5,34
6/17/2021,8,5,25
6/18/2021,8,5,34
6/19/2021,8,5,25
6/20/2021,8,5,27
6/21/2021,8,5,23
6/22/2021,8,5,23
6/23/2021,8,5,25
6/24/2021,8,5,31
6/25/2021,8,5,26
6/26/2021,8,5,32
6/27/2021,8,5,20
6/28/2021,8,5,28
6/29/2021,8,5,30
6/30/2021,8,5,28
7/1/2021,8,5,32
7/2/2021,8,5,41
7/3/2021,8,5,36
7/4/2021,8,5,31
7/5/2021,8,5,37
7/6/2021,8,5,32
7/7/2021,8,5,44
7/8/2021,8,5,34
7/9/2021,8,5,34
7/10/2021,8,5,40
7/11/2021,8,5,24
7/12/2021,8,5,34
7/13/2021,8,5,21
7/14/2021,8,5,33
7/15/2021,8,5,34
7/16/2021,8,5,41
7/17/2021,8,5,27
7/18/2021,8,5,20
7/19/2021,8,5,28
7/20/2021,8,5,23
7/21/2021,8,5,24
7/22/2021,8,5,32
7/23/2021,8,5,38
7/24/2021,8,5,41
7/25/2021,8,5,25
7/26/2021,8,5,33
7/27/2021,8,5,36
7/28/2021,8,5,28
7/29/2021,8,5,30
7/30/2021,8,5,45
7/31/2021,8,5,41
8/1/2021,8,5,18
8/2/2021,8,5,23
8/3/2021,8,5,34
8/4/2021,8,5,27
8/5/2021,8,5,28
8/6/2021,8,5,25
8/7/2021,8,5,32
8/8/2021,8,5,23
8/9/2021,8,5,18
8/10/2021,8,5,20
8/11/2021,8,5,25
8/12/2021,8,5,33
8/13/2021,8,5,29
8/14/2021,8,5,37
8/15/2021,8,5,28
8/16/2021,8,5,33
8/17/2021,8,5,28
8/18/2021,8,5,33
8/19/2021,8,5,30
8/20/2021,8,5,25
8/21/2021,8,5,23
8/22/2021,8,5,17
8/23/2021,8,5,30
8/24/2021,8,5,25
8/25/2021,8,5,21
8/26/2021,8,5,29
8/27/2021,8,5,36
8/28/2021,8,5,28
8/29/2021,8,5,23
8/30/2021,8,5,34
8/31/2021,8,5,30
9/1/2021,8,5,25
9/2/2021,8,5,22
9/3/2021,8,5,34
9/4/2021,8,5,26
9/5/2021,8,5,12
9/6/2021,8,5,26
9/7/2021,8,5,22
9/8/2021,8,5,27
9/9/2021,8,5,31
9/10/2021,8,5,31
9/11/2021,8,5,31
9/12/2021,8,5,19
9/13/2021,8,5,22
9/14/2021,8,5,19
9/15/2021,8,5,18
9/16/2021,8,5,27
9/17/2021,8,5,39
9/18/2021,8,5,30
9/19/2021,8,5,15
9/20/2021,8,5,23
9/21/2021,8,5,32
9/22/2021,8,5,32
9/23/2021,8,5,25
9/24/2021,8,5,26
9/25/2021,8,5,33
9/26/2021,8,5,17
9/27/2021,8,5,21
9/28/2021,8,5,24
9/29/2021,8,5,25
9/30/2021,8,5,30
10/1/2021,8,5,31
10/2/2021,8,5,34
10/3/2021,8,5,14
10/4/2021,8,5,24
10/5/2021,8,5,29
10/6/2021,8,5,31
10/7/2021,8,5,26
10/8/2021,8,5,26
10/9/2021,8,5,20
10/10/2021,8,5,15
10/11/2021,8,5,27
10/12/2021,8,5,19
10/13/2021,8,5,27
10/14/2021,8,5,29
10/15/2021,8,5,20
10/16/2021,8,5,14
10/17/2021,8,5,25
10/18/2021,8,5,15
10/19/2021,8,5,30
10/20/2021,8,5,24
10/21/2021,8,5,31
10/22/2021,8,5,28
10/23/2021,8,5,27
10/24/2021,8,5,26
10/25/2021,8,5,29
10/26/2021,8,5,21
10/27/2021,8,5,27
10/28/2021,8,5,24
10/29/2021,8,5,24
10/30/2021,8,5,31
10/31/2021,8,5,20
11/1/2021,8,5,31
11/2/2021,8,5,17
11/3/2021,8,5,26
11/4/2021,8,5,23
11/5/2021,8,5,27
11/6/2021,8,5,28
11/7/2021,8,5,15
11/8/2021,8,5,24
11/9/2021,8,5,23
11/10/2021,8,5,25
11/11/2021,8,5,22
11/12/2021,8,5,32
11/13/2021,8,5,29
11/14/2021,8,5,28
11/15/2021,8,5,22
11/16/2021,8,5,18
11/17/2021,8,5,22
11/18/2021,8,5,26
11/19/2021,8,5,31
11/20/2021,8,5,32
11/21/2021,8,5,14
11/22/2021,8,5,27
11/23/2021,8,5,31
11/24/2021,8,5,35
11/25/2021,8,5,29
11/26/2021,8,5,32
11/27/2021,8,5,38
11/28/2021,8,5,21
11/29/2021,8,5,26
11/30/2021,8,5,34
12/1/2021,8,5,21
12/2/2021,8,5,17
12/3/2021,8,5,19
12/4/2021,8,5,25
12/5/2021,8,5,24
12/6/2021,8,5,13
12/7/2021,8,5,23
12/8/2021,8,5,22
12/9/2021,8,5,23
12/10/2021,8,5,29
12/11/2021,8,5,26
12/12/2021,8,5,11
12/13/2021,8,5,15
12/14/2021,8,5,27
12/15/2021,8,5,20
12/16/2021,8,5,13
12/17/2021,8,5,13
12/18/2021,8,5,27
12/19/2021,8,5,10
12/20/2021,8,5,12
12/21/2021,8,5,15
12/22/2021,8,5,13
12/23/2021,8,5,24
12/24/2021,8,5,14
12/25/2021,8,5,22
12/26/2021,8,5,7
12/27/2021,8,5,19
12/28/2021,8,5,22
12/29/2021,8,5,15
12/30/2021,8,5,22
12/31/2021,8,5,25
1/1/2022,8,5,23
1/2/2022,8,5,17
1/3/2022,8,5,9
1/4/2022,8,5,13
1/5/2022,8,5,16
1/6/2022,8,5,29
1/7/2022,8,5,18
1/8/2022,8,5,20
1/9/2022,8,5,6
1/10/2022,8,5,16
1/11/2022,8,5,11
1/12/2022,8,5,18
1/13/2022,8,5,16
1/14/2022,8,5,24
1/15/2022,8,5,23
1/16/2022,8,5,15
1/17/2022,8,5,18
1/18/2022,8,5,11
1/19/2022,8,5,18
1/20/2022,8,5,23
1/21/2022,8,5,20
1/22/2022,8,5,25
1/23/2022,8,5,14
1/24/2022,8,5,21
1/25/2022,8,5,12
1/26/2022,8,5,12
1/27/2022,8,5,11
1/28/2022,8,5,20
1/29/2022,8,5,18
1/30/2022,8,5,13
1/31/2022,8,5,14
2/1/2022,8,5,15
2/2/2022,8,5,12
2/3/2022,8,5,22
2/4/2022,8,5,16
2/5/2022,8,5,16
2/6/2022,8,5,11
2/7/2022,8,5,13
2/8/2022,8,5,18
2/9/2022,8,5,20
2/10/2022,8,5,13
2/11/2022,8,5,25
2/12/2022,8,5,16
2/13/2022,8,5,12
2/14/2022,8,5,15
2/15/2022,8,5,23
2/16/2022,8,5,12
2/17/2022,8,5,23
2/18/2022,8,5,24
2/19/2022,8,5,29
2/20/2022,8,5,12
2/21/2022,8,5,22
2/22/2022,8,5,15
2/23/2022,8,5,24
2/24/2022,8,5,18
2/25/2022,8,5,20
2/26/2022,8,5,25
2/27/2022,8,5,18
2/28/2022,8,5,17
3/1/2022,8,5,26
3/2/2022,8,5,19
3/3/2022,8,5,21
3/4/2022,8,5,27
3/5/2022,8,5,25
3/6/2022,8,5,22
3/7/2022,8,5,17
3/8/2022,8,5,20
3/9/2022,8,5,23
3/10/2022,8,5,30
3/11/2022,8,5,26
3/12/2022,8,5,19
3/13/2022,8,5,14
3/14/2022,8,5,22
3/15/2022,8,5,18
3/16/2022,8,5,24
3/17/2022,8,5,21
3/18/2022,8,5,21
3/19/2022,8,5,32
3/20/2022,8,5,21
3/21/2022,8,5,14
3/22/2022,8,5,21
3/23/2022,8,5,22
3/24/2022,8,5,26
3/25/2022,8,5,26
3/26/2022,8,5,28
3/27/2022,8,5,13
3/28/2022,8,5,20
3/29/2022,8,5,30
3/30/2022,8,5,17
3/31/2022,8,5,25
4/1/2022,8,5,40
4/2/2022,8,5,30
4/3/2022,8,5,18
4/4/2022,8,5,19
4/5/2022,8,5,28
4/6/2022,8,5,28
4/7/2022,8,5,23
4/8/2022,8,5,26
4/9/2022,8,5,34
4/10/2022,8,5,22
4/11/2022,8,5,24
4/12/2022,8,5,24
4/13/2022,8,5,34
4/14/2022,8,5,27
4/15/2022,8,5,37
4/16/2022,8,5,22
4/17/2022,8,5,23
4/18/2022,8,5,25
4/19/2022,8,5,17
4/20/2022,8,5,23
4/21/2022,8,5,43
4/22/2022,8,5,27
4/23/2022,8,5,33
4/24/2022,8,5,27
4/25/2022,8,5,25
4/26/2022,8,5,31
4/27/2022,8,5,26
4/28/2022,8,5,26
4/29/2022,8,5,36
4/30/2022,8,5,27
5/1/2022,8,5,24
5/2/2022,8,5,23
5/3/2022,8,5,22
5/4/2022,8,5,27
5/5/2022,8,5,29
5/6/2022,8,5,33
5/7/2022,8,5,34
5/8/2022,8,5,27
5/9/2022,8,5,35
5/10/2022,8,5,20
5/11/2022,8,5,31
5/12/2022,8,5,38
5/13/2022,8,5,34
5/14/2022,8,5,28
5/15/2022,8,5,28
5/16/2022,8,5,23
5/17/2022,8,5,30
5/18/2022,8,5,37
5/19/2022,8,5,34
5/20/2022,8,5,30
5/21/2022,8,5,40
5/22/2022,8,5,20
5/23/2022,8,5,29
5/24/2022,8,5,21
5/25/2022,8,5,27
5/26/2022,8,5,20
5/27/2022,8,5,28
5/28/2022,8,5,45
5/29/2022,8,5,19
5/30/2022,8,5,23
5/31/2022,8,5,34
6/1/2022,8,5,34
6/2/2022,8,5,32
6/3/2022,8,5,30
6/4/2022,8,5,37
6/5/2022,8,5,35
6/6/2022,8,5,25
6/7/2022,8,5,27
6/8/2022,8,5,32
6/9/2022,8,5,38
6/10/2022,8,5,37
6/11/2022,8,5,37
6/12/2022,8,5,30
6/13/2022,8,5,29
6/14/2022,8,5,29
6/15/2022,8,5,30
6/16/2022,8,5,33
6/17/2022,8,5,31
6/18/2022,8,5,23
6/19/2022,8,5,18
6/20/2022,8,5,30
6/21/2022,8,5,30
6/22/2022,8,5,37
6/23/2022,8,5,32
6/24/2022,8,5,32
6/25/2022,8,5,47
6/26/2022,8,5,19
6/27/2022,8,5,27
6/28/2022,8,5,31
6/29/2022,8,5,41
6/30/2022,8,5,37
7/1/2022,8,5,43
7/2/2022,8,5,31
7/3/2022,8,5,22
7/4/2022,8,5,29
7/5/2022,8,5,28
7/6/2022,8,5,32
7/7/2022,8,5,39
7/8/2022,8,5,31
7/9/2022,8,5,41
7/10/2022,8,5,25
7/11/2022,8,5,27
7/12/2022,8,5,31
7/13/2022,8,5,28
7/14/2022,8,5,42
7/15/2022,8,5,38
7/16/2022,8,5,43
7/17/2022,8,5,20
7/18/2022,8,5,24
7/19/2022,8,5,26
7/20/2022,8,5,30
7/21/2022,8,5,34
7/22/2022,8,5,26
7/23/2022,8,5,32
7/24/2022,8,5,27
7/25/2022,8,5,24
7/26/2022,8,5,26
7/27/2022,8,5,27
7/28/2022,8,5,32
7/29/2022,8,5,38
7/30/2022,8,5,29
7/31/2022,8,5,30
8/1/2022,8,5,25
8/2/2022,8,5,31
8/3/2022,8,5,23
8/4/2022,8,5,23
8/5/2022,8,5,25
8/6/2022,8,5,39
8/7/2022,8,5,21
8/8/2022,8,5,31
8/9/2022,8,5,31
8/10/2022,8,5,19
8/11/2022,8,5,29
8/12/2022,8,5,22
8/13/2022,8,5,30
8/14/2022,8,5,24
8/15/2022,8,5,25
8/16/2022,8,5,26
8/17/2022,8,5,25
8/18/2022,8,5,20
8/19/2022,8,5,32
8/20/2022,8,5,38
8/21/2022,8,5,24
8/22/2022,8,5,33
8/23/2022,8,5,29
8/24/2022,8,5,25
8/25/2022,8,5,33
8/26/2022,8,5,44
8/27/2022,8,5,33
8/28/2022,8,5,26
8/29/2022,8,5,37
8/30/2022,8,5,31
8/31/2022,8,5,26
9/1/2022,8,5,28
9/2/2022,8,5,34
9/3/2022,8,5,31
9/4/2022,8,5,28
9/5/2022,8,5,32
9/6/2022,8,5,22
9/7/2022,8,5,31
9/8/2022,8,5,27
9/9/2022,8,5,29
9/10/2022,8,5,34
9/11/2022,8,5,26
9/12/2022,8,5,27
9/13/2022,8,5,30
9/14/2022,8,5,23
9/15/2022,8,5,38
9/16/2022,8,5,27
9/17/2022,8,5,34
9/18/2022,8,5,21
9/19/2022,8,5,20
9/20/2022,8,5,27
9/21/2022,8,5,28
9/22/2022,8,5,25
9/23/2022,8,5,21
9/24/2022,8,5,46
9/25/2022,8,5,28
9/26/2022,8,5,23
9/27/2022,8,5,29
9/28/2022,8,5,23
9/29/2022,8,5,31
9/30/2022,8,5,33
10/1/2022,8,5,24
10/2/2022,8,5,23
10/3/2022,8,5,21
10/4/2022,8,5,27
10/5/2022,8,5,22
10/6/2022,8,5,28
10/7/2022,8,5,22
10/8/2022,8,5,27
10/9/2022,8,5,19
10/10/2022,8,5,33
10/11/2022,8,5,18
10/12/2022,8,5,23
10/13/2022,8,5,27
10/14/2022,8,5,29
10/15/2022,8,5,30
10/16/2022,8,5,18
10/17/2022,8,5,21
10/18/2022,8,5,17
10/19/2022,8,5,22
10/20/2022,8,5,29
10/21/2022,8,5,29
10/22/2022,8,5,35
10/23/2022,8,5,27
10/24/2022,8,5,17
10/25/2022,8,5,26
10/26/2022,8,5,28
10/27/2022,8,5,29
10/28/2022,8,5,29
10/29/2022,8,5,32
10/30/2022,8,5,21
10/31/2022,8,5,27
11/1/2022,8,5,28
11/2/2022,8,5,37
11/3/2022,8,5,33
11/4/2022,8,5,27
11/5/2022,8,5,24
11/6/2022,8,5,21
11/7/2022,8,5,26
11/8/2022,8,5,21
11/9/2022,8,5,33
11/10/2022,8,5,36
11/11/2022,8,5,36
11/12/2022,8,5,35
11/13/2022,8,5,24
11/14/2022,8,5,22
11/15/2022,8,5,25
11/16/2022,8,5,28
11/17/2022,8,5,29
11/18/2022,8,5,41
11/19/2022,8,5,38
11/20/2022,8,5,21
11/21/2022,8,5,37
11/22/2022,8,5,26
11/23/2022,8,5,30
11/24/2022,8,5,27
11/25/2022,8,5,39
11/26/2022,8,5,29
11/27/2022,8,5,24
11/28/2022,8,5,20
11/29/2022,8,5,24
11/30/2022,8,5,34
12/1/2022,8,5,11
12/2/2022,8,5,29
12/3/2022,8,5,21
12/4/2022,8,5,18
12/5/2022,8,5,16
12/6/2022,8,5,11
12/7/2022,8,5,22
12/8/2022,8,5,22
12/9/2022,8,5,24
12/10/2022,8,5,24
12/11/2022,8,5,19
12/12/2022,8,5,15
12/13/2022,8,5,14
12/14/2022,8,5,27
12/15/2022,8,5,18
12/16/2022,8,5,16
12/17/2022,8,5,19
12/18/2022,8,5,15
12/19/2022,8,5,20
12/20/2022,8,5,18
12/21/2022,8,5,20
12/22/2022,8,5,25
12/23/2022,8,5,24
12/24/2022,8,5,25
12/25/2022,8,5,13
12/26/2022,8,5,33
12/27/2022,8,5,14
12/28/2022,8,5,19
12/29/2022,8,5,22
12/30/2022,8,5,27
12/31/2022,8,5,23
1/1/2018,9,5,9
1/2/2018,9,5,11
1/3/2018,9,5,8
1/4/2018,9,5,15
1/5/2018,9,5,13
1/6/2018,9,5,13
1/7/2018,9,5,8
1/8/2018,9,5,17
1/9/2018,9,5,7
1/10/2018,9,5,9
1/11/2018,9,5,14
1/12/2018,9,5,7
1/13/2018,9,5,15
1/14/2018,9,5,11
1/15/2018,9,5,12
1/16/2018,9,5,5
1/17/2018,9,5,12
1/18/2018,9,5,9
1/19/2018,9,5,6
1/20/2018,9,5,13
1/21/2018,9,5,11
1/22/2018,9,5,6
1/23/2018,9,5,13
1/24/2018,9,5,11
1/25/2018,9,5,12
1/26/2018,9,5,16
1/27/2018,9,5,21
1/28/2018,9,5,11
1/29/2018,9,5,12
1/30/2018,9,5,9
1/31/2018,9,5,7
2/1/2018,9,5,14
2/2/2018,9,5,10
2/3/2018,9,5,9
2/4/2018,9,5,6
2/5/2018,9,5,13
2/6/2018,9,5,12
2/7/2018,9,5,14
2/8/2018,9,5,12
2/9/2018,9,5,14
2/10/2018,9,5,13
2/11/2018,9,5,6
2/12/2018,9,5,12
2/13/2018,9,5,7
2/14/2018,9,5,12
2/15/2018,9,5,10
2/16/2018,9,5,21
2/17/2018,9,5,13
2/18/2018,9,5,11
2/19/2018,9,5,10
2/20/2018,9,5,9
2/21/2018,9,5,16
2/22/2018,9,5,16
2/23/2018,9,5,10
2/24/2018,9,5,18
2/25/2018,9,5,12
2/26/2018,9,5,16
2/27/2018,9,5,11
2/28/2018,9,5,15
3/1/2018,9,5,10
3/2/2018,9,5,27
3/3/2018,9,5,15
3/4/2018,9,5,9
3/5/2018,9,5,16
3/6/2018,9,5,13
3/7/2018,9,5,11
3/8/2018,9,5,14
3/9/2018,9,5,9
3/10/2018,9,5,27
3/11/2018,9,5,14
3/12/2018,9,5,13
3/13/2018,9,5,14
3/14/2018,9,5,15
3/15/2018,9,5,14
3/16/2018,9,5,17
3/17/2018,9,5,20
3/18/2018,9,5,10
3/19/2018,9,5,16
3/20/2018,9,5,19
3/21/2018,9,5,14
3/22/2018,9,5,20
3/23/2018,9,5,11
3/24/2018,9,5,15
3/25/2018,9,5,10
3/26/2018,9,5,15
3/27/2018,9,5,14
3/28/2018,9,5,19
3/29/2018,9,5,15
3/30/2018,9,5,17
3/31/2018,9,5,20
4/1/2018,9,5,12
4/2/2018,9,5,17
4/3/2018,9,5,13
4/4/2018,9,5,14
4/5/2018,9,5,22
4/6/2018,9,5,11
4/7/2018,9,5,22
4/8/2018,9,5,11
4/9/2018,9,5,14
4/10/2018,9,5,17
4/11/2018,9,5,11
4/12/2018,9,5,14
4/13/2018,9,5,23
4/14/2018,9,5,14
4/15/2018,9,5,12
4/16/2018,9,5,20
4/17/2018,9,5,20
4/18/2018,9,5,13
4/19/2018,9,5,14
4/20/2018,9,5,19
4/21/2018,9,5,28
4/22/2018,9,5,10
4/23/2018,9,5,20
4/24/2018,9,5,13
4/25/2018,9,5,18
4/26/2018,9,5,18
4/27/2018,9,5,16
4/28/2018,9,5,23
4/29/2018,9,5,8
4/30/2018,9,5,14
5/1/2018,9,5,8
5/2/2018,9,5,23
5/3/2018,9,5,27
5/4/2018,9,5,19
5/5/2018,9,5,27
5/6/2018,9,5,18
5/7/2018,9,5,16
5/8/2018,9,5,21
5/9/2018,9,5,15
5/10/2018,9,5,19
5/11/2018,9,5,24
5/12/2018,9,5,15
5/13/2018,9,5,23
5/14/2018,9,5,9
5/15/2018,9,5,16
5/16/2018,9,5,18
5/17/2018,9,5,12
5/18/2018,9,5,29
5/19/2018,9,5,25
5/20/2018,9,5,14
5/21/2018,9,5,21
5/22/2018,9,5,20
5/23/2018,9,5,13
5/24/2018,9,5,16
5/25/2018,9,5,17
5/26/2018,9,5,29
5/27/2018,9,5,14
5/28/2018,9,5,20
5/29/2018,9,5,16
5/30/2018,9,5,21
5/31/2018,9,5,12
6/1/2018,9,5,23
6/2/2018,9,5,27
6/3/2018,9,5,11
6/4/2018,9,5,16
6/5/2018,9,5,22
6/6/2018,9,5,19
6/7/2018,9,5,34
6/8/2018,9,5,18
6/9/2018,9,5,22
6/10/2018,9,5,20
6/11/2018,9,5,22
6/12/2018,9,5,23
6/13/2018,9,5,11
6/14/2018,9,5,20
6/15/2018,9,5,25
6/16/2018,9,5,28
6/17/2018,9,5,9
6/18/2018,9,5,21
6/19/2018,9,5,18
6/20/2018,9,5,23
6/21/2018,9,5,26
6/22/2018,9,5,20
6/23/2018,9,5,28
6/24/2018,9,5,24
6/25/2018,9,5,12
6/26/2018,9,5,17
6/27/2018,9,5,27
6/28/2018,9,5,20
6/29/2018,9,5,21
6/30/2018,9,5,15
7/1/2018,9,5,14
7/2/2018,9,5,17
7/3/2018,9,5,22
7/4/2018,9,5,9
7/5/2018,9,5,20
7/6/2018,9,5,24
7/7/2018,9,5,22
7/8/2018,9,5,15
7/9/2018,9,5,19
7/10/2018,9,5,13
7/11/2018,9,5,28
7/12/2018,9,5,22
7/13/2018,9,5,25
7/14/2018,9,5,25
7/15/2018,9,5,8
7/16/2018,9,5,18
7/17/2018,9,5,15
7/18/2018,9,5,21
7/19/2018,9,5,20
7/20/2018,9,5,21
7/21/2018,9,5,26
7/22/2018,9,5,22
7/23/2018,9,5,12
7/24/2018,9,5,21
7/25/2018,9,5,22
7/26/2018,9,5,26
7/27/2018,9,5,19
7/28/2018,9,5,23
7/29/2018,9,5,11
7/30/2018,9,5,8
7/31/2018,9,5,18
8/1/2018,9,5,20
8/2/2018,9,5,21
8/3/2018,9,5,21
8/4/2018,9,5,21
8/5/2018,9,5,11
8/6/2018,9,5,12
8/7/2018,9,5,15
8/8/2018,9,5,20
8/9/2018,9,5,22
8/10/2018,9,5,22
8/11/2018,9,5,21
8/12/2018,9,5,9
8/13/2018,9,5,18
8/14/2018,9,5,17
8/15/2018,9,5,20
8/16/2018,9,5,14
8/17/2018,9,5,21
8/18/2018,9,5,21
8/19/2018,9,5,19
8/20/2018,9,5,13
8/21/2018,9,5,20
8/22/2018,9,5,24
8/23/2018,9,5,20
8/24/2018,9,5,17
8/25/2018,9,5,22
8/26/2018,9,5,16
8/27/2018,9,5,17
8/28/2018,9,5,15
8/29/2018,9,5,18
8/30/2018,9,5,23
8/31/2018,9,5,16
9/1/2018,9,5,26
9/2/2018,9,5,9
9/3/2018,9,5,17
9/4/2018,9,5,17
9/5/2018,9,5,16
9/6/2018,9,5,13
9/7/2018,9,5,22
9/8/2018,9,5,12
9/9/2018,9,5,17
9/10/2018,9,5,17
9/11/2018,9,5,16
9/12/2018,9,5,14
9/13/2018,9,5,14
9/14/2018,9,5,21
9/15/2018,9,5,22
9/16/2018,9,5,18
9/17/2018,9,5,16
9/18/2018,9,5,14
9/19/2018,9,5,16
9/20/2018,9,5,24
9/21/2018,9,5,17
9/22/2018,9,5,27
9/23/2018,9,5,12
9/24/2018,9,5,10
9/25/2018,9,5,13
9/26/2018,9,5,12
9/27/2018,9,5,13
9/28/2018,9,5,16
9/29/2018,9,5,26
9/30/2018,9,5,18
10/1/2018,9,5,10
10/2/2018,9,5,15
10/3/2018,9,5,13
10/4/2018,9,5,24
10/5/2018,9,5,21
10/6/2018,9,5,13
10/7/2018,9,5,12
10/8/2018,9,5,20
10/9/2018,9,5,18
10/10/2018,9,5,15
10/11/2018,9,5,15
10/12/2018,9,5,18
10/13/2018,9,5,20
10/14/2018,9,5,15
10/15/2018,9,5,18
10/16/2018,9,5,17
10/17/2018,9,5,11
10/18/2018,9,5,14
10/19/2018,9,5,22
10/20/2018,9,5,14
10/21/2018,9,5,17
10/22/2018,9,5,14
10/23/2018,9,5,11
10/24/2018,9,5,14
10/25/2018,9,5,20
10/26/2018,9,5,13
10/27/2018,9,5,15
10/28/2018,9,5,9
10/29/2018,9,5,14
10/30/2018,9,5,17
10/31/2018,9,5,15
11/1/2018,9,5,20
11/2/2018,9,5,13
11/3/2018,9,5,24
11/4/2018,9,5,12
11/5/2018,9,5,10
11/6/2018,9,5,13
11/7/2018,9,5,17
11/8/2018,9,5,21
11/9/2018,9,5,26
11/10/2018,9,5,19
11/11/2018,9,5,18
11/12/2018,9,5,15
11/13/2018,9,5,11
11/14/2018,9,5,14
11/15/2018,9,5,16
11/16/2018,9,5,20
11/17/2018,9,5,20
11/18/2018,9,5,14
11/19/2018,9,5,25
11/20/2018,9,5,14
11/21/2018,9,5,19
11/22/2018,9,5,19
11/23/2018,9,5,22
11/24/2018,9,5,24
11/25/2018,9,5,13
11/26/2018,9,5,24
11/27/2018,9,5,12
11/28/2018,9,5,18
11/29/2018,9,5,14
11/30/2018,9,5,32
12/1/2018,9,5,21
12/2/2018,9,5,7
12/3/2018,9,5,11
12/4/2018,9,5,12
12/5/2018,9,5,11
12/6/2018,9,5,14
12/7/2018,9,5,13
12/8/2018,9,5,14
12/9/2018,9,5,9
12/10/2018,9,5,8
12/11/2018,9,5,13
12/12/2018,9,5,13
12/13/2018,9,5,22
12/14/2018,9,5,11
12/15/2018,9,5,14
12/16/2018,9,5,7
12/17/2018,9,5,7
12/18/2018,9,5,13
12/19/2018,9,5,14
12/20/2018,9,5,9
12/21/2018,9,5,14
12/22/2018,9,5,12
12/23/2018,9,5,13
12/24/2018,9,5,14
12/25/2018,9,5,15
12/26/2018,9,5,14
12/27/2018,9,5,8
12/28/2018,9,5,18
12/29/2018,9,5,25
12/30/2018,9,5,9
12/31/2018,9,5,13
1/1/2019,9,5,9
1/2/2019,9,5,15
1/3/2019,9,5,18
1/4/2019,9,5,14
1/5/2019,9,5,18
1/6/2019,9,5,14
1/7/2019,9,5,12
1/8/2019,9,5,13
1/9/2019,9,5,9
1/10/2019,9,5,15
1/11/2019,9,5,22
1/12/2019,9,5,18
1/13/2019,9,5,6
1/14/2019,9,5,7
1/15/2019,9,5,10
1/16/2019,9,5,8
1/17/2019,9,5,9
1/18/2019,9,5,12
1/19/2019,9,5,24
1/20/2019,9,5,13
1/21/2019,9,5,5
1/22/2019,9,5,6
1/23/2019,9,5,15
1/24/2019,9,5,16
1/25/2019,9,5,13
1/26/2019,9,5,10
1/27/2019,9,5,14
1/28/2019,9,5,10
1/29/2019,9,5,14
1/30/2019,9,5,18
1/31/2019,9,5,10
2/1/2019,9,5,13
2/2/2019,9,5,11
2/3/2019,9,5,17
2/4/2019,9,5,14
2/5/2019,9,5,9
2/6/2019,9,5,9
2/7/2019,9,5,12
2/8/2019,9,5,8
2/9/2019,9,5,17
2/10/2019,9,5,11
2/11/2019,9,5,10
2/12/2019,9,5,12
2/13/2019,9,5,11
2/14/2019,9,5,17
2/15/2019,9,5,13
2/16/2019,9,5,17
2/17/2019,9,5,15
2/18/2019,9,5,15
2/19/2019,9,5,21
2/20/2019,9,5,8
2/21/2019,9,5,11
2/22/2019,9,5,12
2/23/2019,9,5,21
2/24/2019,9,5,10
2/25/2019,9,5,18
2/26/2019,9,5,9
2/27/2019,9,5,19
2/28/2019,9,5,19
3/1/2019,9,5,24
3/2/2019,9,5,22
3/3/2019,9,5,14
3/4/2019,9,5,16
3/5/2019,9,5,16
3/6/2019,9,5,17
3/7/2019,9,5,18
3/8/2019,9,5,14
3/9/2019,9,5,22
3/10/2019,9,5,15
3/11/2019,9,5,17
3/12/2019,9,5,15
3/13/2019,9,5,16
3/14/2019,9,5,18
3/15/2019,9,5,18
3/16/2019,9,5,14
3/17/2019,9,5,14
3/18/2019,9,5,11
3/19/2019,9,5,11
3/20/2019,9,5,11
3/21/2019,9,5,21
3/22/2019,9,5,25
3/23/2019,9,5,19
3/24/2019,9,5,27
3/25/2019,9,5,14
3/26/2019,9,5,19
3/27/2019,9,5,22
3/28/2019,9,5,9
3/29/2019,9,5,16
3/30/2019,9,5,19
3/31/2019,9,5,9
4/1/2019,9,5,13
4/2/2019,9,5,15
4/3/2019,9,5,18
4/4/2019,9,5,20
4/5/2019,9,5,20
4/6/2019,9,5,24
4/7/2019,9,5,14
4/8/2019,9,5,14
4/9/2019,9,5,18
4/10/2019,9,5,13
4/11/2019,9,5,29
4/12/2019,9,5,20
4/13/2019,9,5,18
4/14/2019,9,5,19
4/15/2019,9,5,14
4/16/2019,9,5,21
4/17/2019,9,5,16
4/18/2019,9,5,23
4/19/2019,9,5,21
4/20/2019,9,5,28
4/21/2019,9,5,18
4/22/2019,9,5,16
4/23/2019,9,5,22
4/24/2019,9,5,17
4/25/2019,9,5,21
4/26/2019,9,5,25
4/27/2019,9,5,23
4/28/2019,9,5,20
4/29/2019,9,5,20
4/30/2019,9,5,24
5/1/2019,9,5,27
5/2/2019,9,5,21
5/3/2019,9,5,30
5/4/2019,9,5,28
5/5/2019,9,5,15
5/6/2019,9,5,22
5/7/2019,9,5,24
5/8/2019,9,5,26
5/9/2019,9,5,24
5/10/2019,9,5,20
5/11/2019,9,5,28
5/12/2019,9,5,16
5/13/2019,9,5,18
5/14/2019,9,5,17
5/15/2019,9,5,22
5/16/2019,9,5,23
5/17/2019,9,5,22
5/18/2019,9,5,26
5/19/2019,9,5,11
5/20/2019,9,5,23
5/21/2019,9,5,20
5/22/2019,9,5,23
5/23/2019,9,5,20
5/24/2019,9,5,17
5/25/2019,9,5,32
5/26/2019,9,5,18
5/27/2019,9,5,7
5/28/2019,9,5,22
5/29/2019,9,5,17
5/30/2019,9,5,25
5/31/2019,9,5,27
6/1/2019,9,5,31
6/2/2019,9,5,24
6/3/2019,9,5,20
6/4/2019,9,5,27
6/5/2019,9,5,20
6/6/2019,9,5,31
6/7/2019,9,5,19
6/8/2019,9,5,18
6/9/2019,9,5,20
6/10/2019,9,5,18
6/11/2019,9,5,10
6/12/2019,9,5,21
6/13/2019,9,5,20
6/14/2019,9,5,24
6/15/2019,9,5,35
6/16/2019,9,5,8
6/17/2019,9,5,12
6/18/2019,9,5,25
6/19/2019,9,5,16
6/20/2019,9,5,21
6/21/2019,9,5,24
6/22/2019,9,5,27
6/23/2019,9,5,14
6/24/2019,9,5,7
6/25/2019,9,5,19
6/26/2019,9,5,23
6/27/2019,9,5,24
6/28/2019,9,5,38
6/29/2019,9,5,31
6/30/2019,9,5,15
7/1/2019,9,5,15
7/2/2019,9,5,19
7/3/2019,9,5,22
7/4/2019,9,5,22
7/5/2019,9,5,36
7/6/2019,9,5,24
7/7/2019,9,5,18
7/8/2019,9,5,37
7/9/2019,9,5,20
7/10/2019,9,5,12
7/11/2019,9,5,26
7/12/2019,9,5,22
7/13/2019,9,5,33
7/14/2019,9,5,13
7/15/2019,9,5,15
7/16/2019,9,5,27
7/17/2019,9,5,22
7/18/2019,9,5,27
7/19/2019,9,5,22
7/20/2019,9,5,39
7/21/2019,9,5,26
7/22/2019,9,5,17
7/23/2019,9,5,22
7/24/2019,9,5,23
7/25/2019,9,5,26
7/26/2019,9,5,18
7/27/2019,9,5,28
7/28/2019,9,5,18
7/29/2019,9,5,22
7/30/2019,9,5,21
7/31/2019,9,5,15
8/1/2019,9,5,23
8/2/2019,9,5,27
8/3/2019,9,5,35
8/4/2019,9,5,17
8/5/2019,9,5,22
8/6/2019,9,5,14
8/7/2019,9,5,17
8/8/2019,9,5,18
8/9/2019,9,5,26
8/10/2019,9,5,22
8/11/2019,9,5,23
8/12/2019,9,5,18
8/13/2019,9,5,21
8/14/2019,9,5,20
8/15/2019,9,5,20
8/16/2019,9,5,19
8/17/2019,9,5,26
8/18/2019,9,5,20
8/19/2019,9,5,14
8/20/2019,9,5,18
8/21/2019,9,5,22
8/22/2019,9,5,29
8/23/2019,9,5,24
8/24/2019,9,5,17
8/25/2019,9,5,13
8/26/2019,9,5,34
8/27/2019,9,5,20
8/28/2019,9,5,26
8/29/2019,9,5,29
8/30/2019,9,5,24
8/31/2019,9,5,20
9/1/2019,9,5,4
9/2/2019,9,5,17
9/3/2019,9,5,18
9/4/2019,9,5,16
9/5/2019,9,5,16
9/6/2019,9,5,19
9/7/2019,9,5,28
9/8/2019,9,5,19
9/9/2019,9,5,20
9/10/2019,9,5,21
9/11/2019,9,5,18
9/12/2019,9,5,23
9/13/2019,9,5,18
9/14/2019,9,5,27
9/15/2019,9,5,25
9/16/2019,9,5,16
9/17/2019,9,5,16
9/18/2019,9,5,19
9/19/2019,9,5,18
9/20/2019,9,5,18
9/21/2019,9,5,27
9/22/2019,9,5,24
9/23/2019,9,5,16
9/24/2019,9,5,18
9/25/2019,9,5,16
9/26/2019,9,5,21
9/27/2019,9,5,23
9/28/2019,9,5,26
9/29/2019,9,5,20
9/30/2019,9,5,27
10/1/2019,9,5,21
10/2/2019,9,5,18
10/3/2019,9,5,24
10/4/2019,9,5,24
10/5/2019,9,5,11
10/6/2019,9,5,13
10/7/2019,9,5,12
10/8/2019,9,5,25
10/9/2019,9,5,15
10/10/2019,9,5,19
10/11/2019,9,5,21
10/12/2019,9,5,21
10/13/2019,9,5,6
10/14/2019,9,5,17
10/15/2019,9,5,18
10/16/2019,9,5,14
10/17/2019,9,5,22
10/18/2019,9,5,24
10/19/2019,9,5,24
10/20/2019,9,5,14
10/21/2019,9,5,18
10/22/2019,9,5,18
10/23/2019,9,5,14
10/24/2019,9,5,15
10/25/2019,9,5,31
10/26/2019,9,5,21
10/27/2019,9,5,15
10/28/2019,9,5,15
10/29/2019,9,5,15
10/30/2019,9,5,10
10/31/2019,9,5,21
11/1/2019,9,5,15
11/2/2019,9,5,24
11/3/2019,9,5,19
11/4/2019,9,5,14
11/5/2019,9,5,22
11/6/2019,9,5,19
11/7/2019,9,5,23
11/8/2019,9,5,20
11/9/2019,9,5,23
11/10/2019,9,5,9
11/11/2019,9,5,19
11/12/2019,9,5,20
11/13/2019,9,5,19
11/14/2019,9,5,23
11/15/2019,9,5,21
11/16/2019,9,5,26
11/17/2019,9,5,18
11/18/2019,9,5,21
11/19/2019,9,5,21
11/20/2019,9,5,36
11/21/2019,9,5,14
11/22/2019,9,5,12
11/23/2019,9,5,18
11/24/2019,9,5,17
11/25/2019,9,5,16
11/26/2019,9,5,25
11/27/2019,9,5,20
11/28/2019,9,5,22
11/29/2019,9,5,25
11/30/2019,9,5,23
12/1/2019,9,5,14
12/2/2019,9,5,16
12/3/2019,9,5,9
12/4/2019,9,5,17
12/5/2019,9,5,18
12/6/2019,9,5,14
12/7/2019,9,5,15
12/8/2019,9,5,5
12/9/2019,9,5,7
12/10/2019,9,5,9
12/11/2019,9,5,16
12/12/2019,9,5,15
12/13/2019,9,5,13
12/14/2019,9,5,11
12/15/2019,9,5,12
12/16/2019,9,5,7
12/17/2019,9,5,9
12/18/2019,9,5,19
12/19/2019,9,5,15
12/20/2019,9,5,16
12/21/2019,9,5,17
12/22/2019,9,5,11
12/23/2019,9,5,10
12/24/2019,9,5,20
12/25/2019,9,5,18
12/26/2019,9,5,21
12/27/2019,9,5,16
12/28/2019,9,5,20
12/29/2019,9,5,10
12/30/2019,9,5,10
12/31/2019,9,5,7
1/1/2020,9,5,9
1/2/2020,9,5,13
1/3/2020,9,5,16
1/4/2020,9,5,14
1/5/2020,9,5,9
1/6/2020,9,5,7
1/7/2020,9,5,7
1/8/2020,9,5,19
1/9/2020,9,5,16
1/10/2020,9,5,17
1/11/2020,9,5,10
1/12/2020,9,5,10
1/13/2020,9,5,10
1/14/2020,9,5,15
1/15/2020,9,5,8
1/16/2020,9,5,6
1/17/2020,9,5,11
1/18/2020,9,5,13
1/19/2020,9,5,11
1/20/2020,9,5,11
1/21/2020,9,5,15
1/22/2020,9,5,8
1/23/2020,9,5,16
1/24/2020,9,5,17
1/25/2020,9,5,26
1/26/2020,9,5,9
1/27/2020,9,5,12
1/28/2020,9,5,11
1/29/2020,9,5,12
1/30/2020,9,5,16
1/31/2020,9,5,10
2/1/2020,9,5,18
2/2/2020,9,5,14
2/3/2020,9,5,5
2/4/2020,9,5,17
2/5/2020,9,5,16
2/6/2020,9,5,15
2/7/2020,9,5,17
2/8/2020,9,5,17
2/9/2020,9,5,12
2/10/2020,9,5,15
2/11/2020,9,5,11
2/12/2020,9,5,13
2/13/2020,9,5,17
2/14/2020,9,5,23
2/15/2020,9,5,23
2/16/2020,9,5,8
2/17/2020,9,5,17
2/18/2020,9,5,13
2/19/2020,9,5,14
2/20/2020,9,5,17
2/21/2020,9,5,11
2/22/2020,9,5,18
2/23/2020,9,5,19
2/24/2020,9,5,9
2/25/2020,9,5,14
2/26/2020,9,5,21
2/27/2020,9,5,14
2/28/2020,9,5,9
3/1/2020,9,5,29
3/2/2020,9,5,19
3/3/2020,9,5,26
3/4/2020,9,5,15
3/5/2020,9,5,20
3/6/2020,9,5,17
3/7/2020,9,5,15
3/8/2020,9,5,28
3/9/2020,9,5,10
3/10/2020,9,5,19
3/11/2020,9,5,28
3/12/2020,9,5,21
3/13/2020,9,5,28
3/14/2020,9,5,17
3/15/2020,9,5,19
3/16/2020,9,5,8
3/17/2020,9,5,14
3/18/2020,9,5,14
3/19/2020,9,5,13
3/20/2020,9,5,12
3/21/2020,9,5,25
3/22/2020,9,5,16
3/23/2020,9,5,19
3/24/2020,9,5,13
3/25/2020,9,5,20
3/26/2020,9,5,17
3/27/2020,9,5,16
3/28/2020,9,5,15
3/29/2020,9,5,16
3/30/2020,9,5,11
3/31/2020,9,5,20
4/1/2020,9,5,17
4/2/2020,9,5,22
4/3/2020,9,5,30
4/4/2020,9,5,20
4/5/2020,9,5,37
4/6/2020,9,5,21
4/7/2020,9,5,20
4/8/2020,9,5,23
4/9/2020,9,5,18
4/10/2020,9,5,20
4/11/2020,9,5,29
4/12/2020,9,5,22
4/13/2020,9,5,11
4/14/2020,9,5,29
4/15/2020,9,5,18
4/16/2020,9,5,26
4/17/2020,9,5,22
4/18/2020,9,5,24
4/19/2020,9,5,21
4/20/2020,9,5,16
4/21/2020,9,5,20
4/22/2020,9,5,14
4/23/2020,9,5,20
4/24/2020,9,5,25
4/25/2020,9,5,16
4/26/2020,9,5,28
4/27/2020,9,5,17
4/28/2020,9,5,14
4/29/2020,9,5,17
4/30/2020,9,5,18
5/1/2020,9,5,25
5/2/2020,9,5,25
5/3/2020,9,5,16
5/4/2020,9,5,17
5/5/2020,9,5,16
5/6/2020,9,5,11
5/7/2020,9,5,23
5/8/2020,9,5,31
5/9/2020,9,5,24
5/10/2020,9,5,24
5/11/2020,9,5,24
5/12/2020,9,5,15
5/13/2020,9,5,19
5/14/2020,9,5,22
5/15/2020,9,5,22
5/16/2020,9,5,20
5/17/2020,9,5,27
5/18/2020,9,5,18
5/19/2020,9,5,18
5/20/2020,9,5,26
5/21/2020,9,5,27
5/22/2020,9,5,22
5/23/2020,9,5,29
5/24/2020,9,5,11
5/25/2020,9,5,17
5/26/2020,9,5,28
5/27/2020,9,5,10
5/28/2020,9,5,30
5/29/2020,9,5,27
5/30/2020,9,5,26
5/31/2020,9,5,24
6/1/2020,9,5,14
6/2/2020,9,5,21
6/3/2020,9,5,24
6/4/2020,9,5,18
6/5/2020,9,5,33
6/6/2020,9,5,23
6/7/2020,9,5,17
6/8/2020,9,5,21
6/9/2020,9,5,24
6/10/2020,9,5,17
6/11/2020,9,5,23
6/12/2020,9,5,23
6/13/2020,9,5,25
6/14/2020,9,5,32
6/15/2020,9,5,13
6/16/2020,9,5,16
6/17/2020,9,5,29
6/18/2020,9,5,21
6/19/2020,9,5,30
6/20/2020,9,5,23
6/21/2020,9,5,21
6/22/2020,9,5,13
6/23/2020,9,5,15
6/24/2020,9,5,26
6/25/2020,9,5,20
6/26/2020,9,5,20
6/27/2020,9,5,32
6/28/2020,9,5,26
6/29/2020,9,5,23
6/30/2020,9,5,23
7/1/2020,9,5,26
7/2/2020,9,5,24
7/3/2020,9,5,23
7/4/2020,9,5,31
7/5/2020,9,5,35
7/6/2020,9,5,27
7/7/2020,9,5,22
7/8/2020,9,5,27
7/9/2020,9,5,25
7/10/2020,9,5,35
7/11/2020,9,5,28
7/12/2020,9,5,26
7/13/2020,9,5,17
7/14/2020,9,5,21
7/15/2020,9,5,17
7/16/2020,9,5,22
7/17/2020,9,5,22
7/18/2020,9,5,25
7/19/2020,9,5,28
7/20/2020,9,5,22
7/21/2020,9,5,19
7/22/2020,9,5,31
7/23/2020,9,5,29
7/24/2020,9,5,36
7/25/2020,9,5,22
7/26/2020,9,5,34
7/27/2020,9,5,28
7/28/2020,9,5,19
7/29/2020,9,5,23
7/30/2020,9,5,21
7/31/2020,9,5,25
8/1/2020,9,5,28
8/2/2020,9,5,20
8/3/2020,9,5,22
8/4/2020,9,5,18
8/5/2020,9,5,16
8/6/2020,9,5,23
8/7/2020,9,5,33
8/8/2020,9,5,24
8/9/2020,9,5,19
8/10/2020,9,5,11
8/11/2020,9,5,14
8/12/2020,9,5,16
8/13/2020,9,5,24
8/14/2020,9,5,17
8/15/2020,9,5,29
8/16/2020,9,5,28
8/17/2020,9,5,18
8/18/2020,9,5,23
8/19/2020,9,5,36
8/20/2020,9,5,15
8/21/2020,9,5,23
8/22/2020,9,5,22
8/23/2020,9,5,32
8/24/2020,9,5,18
8/25/2020,9,5,11
8/26/2020,9,5,20
8/27/2020,9,5,20
8/28/2020,9,5,28
8/29/2020,9,5,21
8/30/2020,9,5,22
8/31/2020,9,5,13
9/1/2020,9,5,20
9/2/2020,9,5,23
9/3/2020,9,5,27
9/4/2020,9,5,21
9/5/2020,9,5,26
9/6/2020,9,5,22
9/7/2020,9,5,18
9/8/2020,9,5,15
9/9/2020,9,5,27
9/10/2020,9,5,19
9/11/2020,9,5,19
9/12/2020,9,5,18
9/13/2020,9,5,25
9/14/2020,9,5,16
9/15/2020,9,5,18
9/16/2020,9,5,12
9/17/2020,9,5,14
9/18/2020,9,5,17
9/19/2020,9,5,21
9/20/2020,9,5,21
9/21/2020,9,5,12
9/22/2020,9,5,13
9/23/2020,9,5,16
9/24/2020,9,5,21
9/25/2020,9,5,21
9/26/2020,9,5,23
9/27/2020,9,5,27
9/28/2020,9,5,17
9/29/2020,9,5,17
9/30/2020,9,5,21
10/1/2020,9,5,17
10/2/2020,9,5,19
10/3/2020,9,5,20
10/4/2020,9,5,21
10/5/2020,9,5,12
10/6/2020,9,5,14
10/7/2020,9,5,22
10/8/2020,9,5,11
10/9/2020,9,5,21
10/10/2020,9,5,32
10/11/2020,9,5,21
10/12/2020,9,5,12
10/13/2020,9,5,17
10/14/2020,9,5,13
10/15/2020,9,5,19
10/16/2020,9,5,14
10/17/2020,9,5,25
10/18/2020,9,5,18
10/19/2020,9,5,12
10/20/2020,9,5,21
10/21/2020,9,5,22
10/22/2020,9,5,26
10/23/2020,9,5,15
10/24/2020,9,5,23
10/25/2020,9,5,16
10/26/2020,9,5,15
10/27/2020,9,5,13
10/28/2020,9,5,9
10/29/2020,9,5,22
10/30/2020,9,5,19
10/31/2020,9,5,25
11/1/2020,9,5,24
11/2/2020,9,5,14
11/3/2020,9,5,19
11/4/2020,9,5,26
11/5/2020,9,5,21
11/6/2020,9,5,24
11/7/2020,9,5,19
11/8/2020,9,5,27
11/9/2020,9,5,15
11/10/2020,9,5,14
11/11/2020,9,5,21
11/12/2020,9,5,37
11/13/2020,9,5,15
11/14/2020,9,5,22
11/15/2020,9,5,21
11/16/2020,9,5,19
11/17/2020,9,5,26
11/18/2020,9,5,24
11/19/2020,9,5,15
11/20/2020,9,5,24
11/21/2020,9,5,23
11/22/2020,9,5,24
11/23/2020,9,5,15
11/24/2020,9,5,17
11/25/2020,9,5,14
11/26/2020,9,5,15
11/27/2020,9,5,23
11/28/2020,9,5,27
11/29/2020,9,5,20
11/30/2020,9,5,20
12/1/2020,9,5,10
12/2/2020,9,5,13
12/3/2020,9,5,10
12/4/2020,9,5,16
12/5/2020,9,5,21
12/6/2020,9,5,25
12/7/2020,9,5,10
12/8/2020,9,5,10
12/9/2020,9,5,16
12/10/2020,9,5,17
12/11/2020,9,5,23
12/12/2020,9,5,19
12/13/2020,9,5,17
12/14/2020,9,5,10
12/15/2020,9,5,11
12/16/2020,9,5,12
12/17/2020,9,5,16
12/18/2020,9,5,11
12/19/2020,9,5,16
12/20/2020,9,5,20
12/21/2020,9,5,10
12/22/2020,9,5,16
12/23/2020,9,5,16
12/24/2020,9,5,14
12/25/2020,9,5,18
12/26/2020,9,5,25
12/27/2020,9,5,23
12/28/2020,9,5,10
12/29/2020,9,5,10
12/30/2020,9,5,9
12/31/2020,9,5,9
1/1/2021,9,5,23
1/2/2021,9,5,9
1/3/2021,9,5,9
1/4/2021,9,5,7
1/5/2021,9,5,9
1/6/2021,9,5,12
1/7/2021,9,5,13
1/8/2021,9,5,20
1/9/2021,9,5,19
1/10/2021,9,5,14
1/11/2021,9,5,13
1/12/2021,9,5,17
1/13/2021,9,5,8
1/14/2021,9,5,14
1/15/2021,9,5,14
1/16/2021,9,5,11
1/17/2021,9,5,14
1/18/2021,9,5,8
1/19/2021,9,5,10
1/20/2021,9,5,14
1/21/2021,9,5,12
1/22/2021,9,5,16
1/23/2021,9,5,14
1/24/2021,9,5,13
1/25/2021,9,5,7
1/26/2021,9,5,18
1/27/2021,9,5,11
1/28/2021,9,5,13
1/29/2021,9,5,11
1/30/2021,9,5,12
1/31/2021,9,5,24
2/1/2021,9,5,7
2/2/2021,9,5,15
2/3/2021,9,5,22
2/4/2021,9,5,24
2/5/2021,9,5,19
2/6/2021,9,5,21
2/7/2021,9,5,27
2/8/2021,9,5,12
2/9/2021,9,5,11
2/10/2021,9,5,13
2/11/2021,9,5,15
2/12/2021,9,5,15
2/13/2021,9,5,15
2/14/2021,9,5,19
2/15/2021,9,5,7
2/16/2021,9,5,11
2/17/2021,9,5,14
2/18/2021,9,5,11
2/19/2021,9,5,13
2/20/2021,9,5,7
2/21/2021,9,5,14
2/22/2021,9,5,7
2/23/2021,9,5,10
2/24/2021,9,5,21
2/25/2021,9,5,14
2/26/2021,9,5,21
2/27/2021,9,5,19
2/28/2021,9,5,23
2/29/2021,9,5,17
3/1/2021,9,5,18
3/2/2021,9,5,12
3/3/2021,9,5,26
3/4/2021,9,5,16
3/5/2021,9,5,26
3/6/2021,9,5,31
3/7/2021,9,5,15
3/8/2021,9,5,21
3/9/2021,9,5,23
3/10/2021,9,5,16
3/11/2021,9,5,27
3/12/2021,9,5,22
3/13/2021,9,5,20
3/14/2021,9,5,8
3/15/2021,9,5,15
3/16/2021,9,5,18
3/17/2021,9,5,16
3/18/2021,9,5,22
3/19/2021,9,5,18
3/20/2021,9,5,20
3/21/2021,9,5,15
3/22/2021,9,5,27
3/23/2021,9,5,22
3/24/2021,9,5,20
3/25/2021,9,5,20
3/26/2021,9,5,15
3/27/2021,9,5,27
3/28/2021,9,5,13
3/29/2021,9,5,19
3/30/2021,9,5,23
3/31/2021,9,5,17
4/1/2021,9,5,28
4/2/2021,9,5,24
4/3/2021,9,5,30
4/4/2021,9,5,16
4/5/2021,9,5,18
4/6/2021,9,5,20
4/7/2021,9,5,14
4/8/2021,9,5,14
4/9/2021,9,5,20
4/10/2021,9,5,28
4/11/2021,9,5,20
4/12/2021,9,5,19
4/13/2021,9,5,16
4/14/2021,9,5,21
4/15/2021,9,5,31
4/16/2021,9,5,27
4/17/2021,9,5,26
4/18/2021,9,5,19
4/19/2021,9,5,23
4/20/2021,9,5,17
4/21/2021,9,5,21
4/22/2021,9,5,18
4/23/2021,9,5,20
4/24/2021,9,5,37
4/25/2021,9,5,15
4/26/2021,9,5,19
4/27/2021,9,5,21
4/28/2021,9,5,23
4/29/2021,9,5,23
4/30/2021,9,5,22
5/1/2021,9,5,31
5/2/2021,9,5,13
5/3/2021,9,5,18
5/4/2021,9,5,22
5/5/2021,9,5,29
5/6/2021,9,5,24
5/7/2021,9,5,25
5/8/2021,9,5,28
5/9/2021,9,5,27
5/10/2021,9,5,22
5/11/2021,9,5,25
5/12/2021,9,5,29
5/13/2021,9,5,26
5/14/2021,9,5,22
5/15/2021,9,5,32
5/16/2021,9,5,10
5/17/2021,9,5,20
5/18/2021,9,5,24
5/19/2021,9,5,21
5/20/2021,9,5,21
5/21/2021,9,5,30
5/22/2021,9,5,26
5/23/2021,9,5,18
5/24/2021,9,5,16
5/25/2021,9,5,21
5/26/2021,9,5,22
5/27/2021,9,5,33
5/28/2021,9,5,39
5/29/2021,9,5,30
5/30/2021,9,5,15
5/31/2021,9,5,23
6/1/2021,9,5,25
6/2/2021,9,5,29
6/3/2021,9,5,22
6/4/2021,9,5,43
6/5/2021,9,5,30
6/6/2021,9,5,24
6/7/2021,9,5,21
6/8/2021,9,5,28
6/9/2021,9,5,32
6/10/2021,9,5,22
6/11/2021,9,5,21
6/12/2021,9,5,26
6/13/2021,9,5,13
6/14/2021,9,5,27
6/15/2021,9,5,25
6/16/2021,9,5,27
6/17/2021,9,5,34
6/18/2021,9,5,19
6/19/2021,9,5,22
6/20/2021,9,5,18
6/21/2021,9,5,21
6/22/2021,9,5,20
6/23/2021,9,5,33
6/24/2021,9,5,28
6/25/2021,9,5,27
6/26/2021,9,5,32
6/27/2021,9,5,28
6/28/2021,9,5,28
6/29/2021,9,5,25
6/30/2021,9,5,30
7/1/2021,9,5,27
7/2/2021,9,5,27
7/3/2021,9,5,24
7/4/2021,9,5,29
7/5/2021,9,5,25
7/6/2021,9,5,24
7/7/2021,9,5,21
7/8/2021,9,5,31
7/9/2021,9,5,37
7/10/2021,9,5,34
7/11/2021,9,5,23
7/12/2021,9,5,20
7/13/2021,9,5,19
7/14/2021,9,5,30
7/15/2021,9,5,32
7/16/2021,9,5,25
7/17/2021,9,5,26
7/18/2021,9,5,28
7/19/2021,9,5,24
7/20/2021,9,5,25
7/21/2021,9,5,26
7/22/2021,9,5,31
7/23/2021,9,5,23
7/24/2021,9,5,21
7/25/2021,9,5,17
7/26/2021,9,5,31
7/27/2021,9,5,24
7/28/2021,9,5,29
7/29/2021,9,5,26
7/30/2021,9,5,27
7/31/2021,9,5,35
8/1/2021,9,5,15
8/2/2021,9,5,18
8/3/2021,9,5,19
8/4/2021,9,5,27
8/5/2021,9,5,27
8/6/2021,9,5,21
8/7/2021,9,5,32
8/8/2021,9,5,11
8/9/2021,9,5,21
8/10/2021,9,5,22
8/11/2021,9,5,35
8/12/2021,9,5,22
8/13/2021,9,5,31
8/14/2021,9,5,25
8/15/2021,9,5,15
8/16/2021,9,5,19
8/17/2021,9,5,25
8/18/2021,9,5,23
8/19/2021,9,5,24
8/20/2021,9,5,23
8/21/2021,9,5,33
8/22/2021,9,5,14
8/23/2021,9,5,22
8/24/2021,9,5,19
8/25/2021,9,5,17
8/26/2021,9,5,27
8/27/2021,9,5,23
8/28/2021,9,5,35
8/29/2021,9,5,20
8/30/2021,9,5,17
8/31/2021,9,5,32
9/1/2021,9,5,23
9/2/2021,9,5,24
9/3/2021,9,5,26
9/4/2021,9,5,21
9/5/2021,9,5,21
9/6/2021,9,5,16
9/7/2021,9,5,24
9/8/2021,9,5,21
9/9/2021,9,5,14
9/10/2021,9,5,20
9/11/2021,9,5,28
9/12/2021,9,5,18
9/13/2021,9,5,19
9/14/2021,9,5,17
9/15/2021,9,5,21
9/16/2021,9,5,18
9/17/2021,9,5,15
9/18/2021,9,5,14
9/19/2021,9,5,19
9/20/2021,9,5,22
9/21/2021,9,5,18
9/22/2021,9,5,20
9/23/2021,9,5,21
9/24/2021,9,5,28
9/25/2021,9,5,21
9/26/2021,9,5,24
9/27/2021,9,5,22
9/28/2021,9,5,26
9/29/2021,9,5,31
9/30/2021,9,5,28
10/1/2021,9,5,29
10/2/2021,9,5,23
10/3/2021,9,5,20
10/4/2021,9,5,20
10/5/2021,9,5,16
10/6/2021,9,5,23
10/7/2021,9,5,22
10/8/2021,9,5,19
10/9/2021,9,5,22
10/10/2021,9,5,12
10/11/2021,9,5,12
10/12/2021,9,5,23
10/13/2021,9,5,21
10/14/2021,9,5,17
10/15/2021,9,5,23
10/16/2021,9,5,21
10/17/2021,9,5,22
10/18/2021,9,5,14
10/19/2021,9,5,13
10/20/2021,9,5,26
10/21/2021,9,5,16
10/22/2021,9,5,26
10/23/2021,9,5,16
10/24/2021,9,5,16
10/25/2021,9,5,21
10/26/2021,9,5,20
10/27/2021,9,5,18
10/28/2021,9,5,21
10/29/2021,9,5,21
10/30/2021,9,5,11
10/31/2021,9,5,15
11/1/2021,9,5,22
11/2/2021,9,5,22
11/3/2021,9,5,21
11/4/2021,9,5,26
11/5/2021,9,5,26
11/6/2021,9,5,21
11/7/2021,9,5,23
11/8/2021,9,5,14
11/9/2021,9,5,24
11/10/2021,9,5,14
11/11/2021,9,5,26
11/12/2021,9,5,20
11/13/2021,9,5,32
11/14/2021,9,5,18
11/15/2021,9,5,21
11/16/2021,9,5,22
11/17/2021,9,5,20
11/18/2021,9,5,29
11/19/2021,9,5,23
11/20/2021,9,5,34
11/21/2021,9,5,17
11/22/2021,9,5,22
11/23/2021,9,5,18
11/24/2021,9,5,22
11/25/2021,9,5,24
11/26/2021,9,5,21
11/27/2021,9,5,21
11/28/2021,9,5,15
11/29/2021,9,5,22
11/30/2021,9,5,18
12/1/2021,9,5,10
12/2/2021,9,5,13
12/3/2021,9,5,20
12/4/2021,9,5,27
12/5/2021,9,5,20
12/6/2021,9,5,11
12/7/2021,9,5,15
12/8/2021,9,5,12
12/9/2021,9,5,15
12/10/2021,9,5,18
12/11/2021,9,5,15
12/12/2021,9,5,15
12/13/2021,9,5,13
12/14/2021,9,5,21
12/15/2021,9,5,9
12/16/2021,9,5,13
12/17/2021,9,5,11
12/18/2021,9,5,19
12/19/2021,9,5,11
12/20/2021,9,5,16
12/21/2021,9,5,6
12/22/2021,9,5,12
12/23/2021,9,5,12
12/24/2021,9,5,15
12/25/2021,9,5,16
12/26/2021,9,5,13
12/27/2021,9,5,15
12/28/2021,9,5,19
12/29/2021,9,5,14
12/30/2021,9,5,13
12/31/2021,9,5,12
1/1/2022,9,5,21
1/2/2022,9,5,12
1/3/2022,9,5,8
1/4/2022,9,5,11
1/5/2022,9,5,18
1/6/2022,9,5,8
1/7/2022,9,5,16
1/8/2022,9,5,23
1/9/2022,9,5,11
1/10/2022,9,5,15
1/11/2022,9,5,16
1/12/2022,9,5,8
1/13/2022,9,5,25
1/14/2022,9,5,14
1/15/2022,9,5,15
1/16/2022,9,5,15
1/17/2022,9,5,17
1/18/2022,9,5,15
1/19/2022,9,5,15
1/20/2022,9,5,19
1/21/2022,9,5,18
1/22/2022,9,5,19
1/23/2022,9,5,15
1/24/2022,9,5,16
1/25/2022,9,5,10
1/26/2022,9,5,18
1/27/2022,9,5,19
1/28/2022,9,5,19
1/29/2022,9,5,18
1/30/2022,9,5,18
1/31/2022,9,5,18
2/1/2022,9,5,17
2/2/2022,9,5,10
2/3/2022,9,5,22
2/4/2022,9,5,15
2/5/2022,9,5,17
2/6/2022,9,5,14
2/7/2022,9,5,22
2/8/2022,9,5,22
2/9/2022,9,5,15
2/10/2022,9,5,20
2/11/2022,9,5,14
2/12/2022,9,5,18
2/13/2022,9,5,13
2/14/2022,9,5,22
2/15/2022,9,5,15
2/16/2022,9,5,13
2/17/2022,9,5,19
2/18/2022,9,5,24
2/19/2022,9,5,17
2/20/2022,9,5,10
2/21/2022,9,5,16
2/22/2022,9,5,18
2/23/2022,9,5,20
2/24/2022,9,5,20
2/25/2022,9,5,15
2/26/2022,9,5,18
2/27/2022,9,5,13
2/28/2022,9,5,25
3/1/2022,9,5,22
3/2/2022,9,5,21
3/3/2022,9,5,24
3/4/2022,9,5,29
3/5/2022,9,5,16
3/6/2022,9,5,16
3/7/2022,9,5,27
3/8/2022,9,5,22
3/9/2022,9,5,25
3/10/2022,9,5,30
3/11/2022,9,5,18
3/12/2022,9,5,20
3/13/2022,9,5,13
3/14/2022,9,5,18
3/15/2022,9,5,21
3/16/2022,9,5,27
3/17/2022,9,5,15
3/18/2022,9,5,19
3/19/2022,9,5,26
3/20/2022,9,5,12
3/21/2022,9,5,26
3/22/2022,9,5,14
3/23/2022,9,5,15
3/24/2022,9,5,31
3/25/2022,9,5,19
3/26/2022,9,5,30
3/27/2022,9,5,17
3/28/2022,9,5,14
3/29/2022,9,5,13
3/30/2022,9,5,19
3/31/2022,9,5,19
4/1/2022,9,5,23
4/2/2022,9,5,28
4/3/2022,9,5,20
4/4/2022,9,5,18
4/5/2022,9,5,21
4/6/2022,9,5,14
4/7/2022,9,5,29
4/8/2022,9,5,31
4/9/2022,9,5,27
4/10/2022,9,5,21
4/11/2022,9,5,16
4/12/2022,9,5,20
4/13/2022,9,5,22
4/14/2022,9,5,33
4/15/2022,9,5,20
4/16/2022,9,5,22
4/17/2022,9,5,21
4/18/2022,9,5,30
4/19/2022,9,5,12
4/20/2022,9,5,22
4/21/2022,9,5,30
4/22/2022,9,5,37
4/23/2022,9,5,33
4/24/2022,9,5,22
4/25/2022,9,5,22
4/26/2022,9,5,15
4/27/2022,9,5,23
4/28/2022,9,5,20
4/29/2022,9,5,22
4/30/2022,9,5,29
5/1/2022,9,5,17
5/2/2022,9,5,27
5/3/2022,9,5,28
5/4/2022,9,5,25
5/5/2022,9,5,23
5/6/2022,9,5,27
5/7/2022,9,5,24
5/8/2022,9,5,22
5/9/2022,9,5,27
5/10/2022,9,5,17
5/11/2022,9,5,13
5/12/2022,9,5,26
5/13/2022,9,5,26
5/14/2022,9,5,27
5/15/2022,9,5,28
5/16/2022,9,5,29
5/17/2022,9,5,16
5/18/2022,9,5,19
5/19/2022,9,5,30
5/20/2022,9,5,21
5/21/2022,9,5,29
5/22/2022,9,5,8
5/23/2022,9,5,14
5/24/2022,9,5,14
5/25/2022,9,5,30
5/26/2022,9,5,21
5/27/2022,9,5,36
5/28/2022,9,5,27
5/29/2022,9,5,21
5/30/2022,9,5,19
5/31/2022,9,5,23
6/1/2022,9,5,20
6/2/2022,9,5,25
6/3/2022,9,5,25
6/4/2022,9,5,34
6/5/2022,9,5,22
6/6/2022,9,5,28
6/7/2022,9,5,20
6/8/2022,9,5,25
6/9/2022,9,5,29
6/10/2022,9,5,28
6/11/2022,9,5,33
6/12/2022,9,5,20
6/13/2022,9,5,22
6/14/2022,9,5,27
6/15/2022,9,5,33
6/16/2022,9,5,25
6/17/2022,9,5,24
6/18/2022,9,5,23
6/19/2022,9,5,15
6/20/2022,9,5,23
6/21/2022,9,5,32
6/22/2022,9,5,25
6/23/2022,9,5,32
6/24/2022,9,5,23
6/25/2022,9,5,39
6/26/2022,9,5,17
6/27/2022,9,5,34
6/28/2022,9,5,36
6/29/2022,9,5,31
6/30/2022,9,5,29
7/1/2022,9,5,42
7/2/2022,9,5,35
7/3/2022,9,5,16
7/4/2022,9,5,22
7/5/2022,9,5,34
7/6/2022,9,5,25
7/7/2022,9,5,20
7/8/2022,9,5,33
7/9/2022,9,5,31
7/10/2022,9,5,33
7/11/2022,9,5,24
7/12/2022,9,5,25
7/13/2022,9,5,20
7/14/2022,9,5,22
7/15/2022,9,5,28
7/16/2022,9,5,27
7/17/2022,9,5,22
7/18/2022,9,5,29
7/19/2022,9,5,30
7/20/2022,9,5,28
7/21/2022,9,5,34
7/22/2022,9,5,33
7/23/2022,9,5,35
7/24/2022,9,5,23
7/25/2022,9,5,20
7/26/2022,9,5,27
7/27/2022,9,5,32
7/28/2022,9,5,31
7/29/2022,9,5,29
7/30/2022,9,5,31
7/31/2022,9,5,18
8/1/2022,9,5,26
8/2/2022,9,5,30
8/3/2022,9,5,22
8/4/2022,9,5,32
8/5/2022,9,5,35
8/6/2022,9,5,28
8/7/2022,9,5,17
8/8/2022,9,5,25
8/9/2022,9,5,35
8/10/2022,9,5,20
8/11/2022,9,5,31
8/12/2022,9,5,23
8/13/2022,9,5,26
8/14/2022,9,5,14
8/15/2022,9,5,20
8/16/2022,9,5,23
8/17/2022,9,5,29
8/18/2022,9,5,25
8/19/2022,9,5,36
8/20/2022,9,5,24
8/21/2022,9,5,18
8/22/2022,9,5,24
8/23/2022,9,5,26
8/24/2022,9,5,29
8/25/2022,9,5,40
8/26/2022,9,5,23
8/27/2022,9,5,21
8/28/2022,9,5,22
8/29/2022,9,5,24
8/30/2022,9,5,27
8/31/2022,9,5,21
9/1/2022,9,5,23
9/2/2022,9,5,19
9/3/2022,9,5,21
9/4/2022,9,5,13
9/5/2022,9,5,29
9/6/2022,9,5,22
9/7/2022,9,5,17
9/8/2022,9,5,31
9/9/2022,9,5,26
9/10/2022,9,5,16
9/11/2022,9,5,16
9/12/2022,9,5,17
9/13/2022,9,5,20
9/14/2022,9,5,14
9/15/2022,9,5,20
9/16/2022,9,5,27
9/17/2022,9,5,29
9/18/2022,9,5,10
9/19/2022,9,5,23
9/20/2022,9,5,13
9/21/2022,9,5,31
9/22/2022,9,5,26
9/23/2022,9,5,17
9/24/2022,9,5,24
9/25/2022,9,5,21
9/26/2022,9,5,24
9/27/2022,9,5,21
9/28/2022,9,5,17
9/29/2022,9,5,28
9/30/2022,9,5,31
10/1/2022,9,5,29
10/2/2022,9,5,21
10/3/2022,9,5,22
10/4/2022,9,5,19
10/5/2022,9,5,15
10/6/2022,9,5,31
10/7/2022,9,5,20
10/8/2022,9,5,30
10/9/2022,9,5,13
10/10/2022,9,5,11
10/11/2022,9,5,23
10/12/2022,9,5,17
10/13/2022,9,5,20
10/14/2022,9,5,28
10/15/2022,9,5,29
10/16/2022,9,5,14
10/17/2022,9,5,25
10/18/2022,9,5,11
10/19/2022,9,5,19
10/20/2022,9,5,20
10/21/2022,9,5,25
10/22/2022,9,5,24
10/23/2022,9,5,9
10/24/2022,9,5,18
10/25/2022,9,5,16
10/26/2022,9,5,22
10/27/2022,9,5,18
10/28/2022,9,5,26
10/29/2022,9,5,24
10/30/2022,9,5,22
10/31/2022,9,5,16
11/1/2022,9,5,18
11/2/2022,9,5,23
11/3/2022,9,5,13
11/4/2022,9,5,27
11/5/2022,9,5,31
11/6/2022,9,5,16
11/7/2022,9,5,30
11/8/2022,9,5,25
11/9/2022,9,5,24
11/10/2022,9,5,24
11/11/2022,9,5,24
11/12/2022,9,5,24
11/13/2022,9,5,20
11/14/2022,9,5,21
11/15/2022,9,5,23
11/16/2022,9,5,26
11/17/2022,9,5,21
11/18/2022,9,5,29
11/19/2022,9,5,33
11/20/2022,9,5,16
11/21/2022,9,5,20
11/22/2022,9,5,14
11/23/2022,9,5,23
11/24/2022,9,5,17
11/25/2022,9,5,33
11/26/2022,9,5,32
11/27/2022,9,5,14
11/28/2022,9,5,16
11/29/2022,9,5,24
11/30/2022,9,5,21
12/1/2022,9,5,22
12/2/2022,9,5,16
12/3/2022,9,5,17
12/4/2022,9,5,5
12/5/2022,9,5,23
12/6/2022,9,5,15
12/7/2022,9,5,18
12/8/2022,9,5,17
12/9/2022,9,5,18
12/10/2022,9,5,24
12/11/2022,9,5,13
12/12/2022,9,5,16
12/13/2022,9,5,12
12/14/2022,9,5,16
12/15/2022,9,5,16
12/16/2022,9,5,14
12/17/2022,9,5,17
12/18/2022,9,5,13
12/19/2022,9,5,19
12/20/2022,9,5,14
12/21/2022,9,5,24
12/22/2022,9,5,14
12/23/2022,9,5,21
12/24/2022,9,5,21
12/25/2022,9,5,9
12/26/2022,9,5,15
12/27/2022,9,5,18
12/28/2022,9,5,18
12/29/2022,9,5,20
12/30/2022,9,5,21
12/31/2022,9,5,22
1/1/2018,10,5,8
1/2/2018,10,5,13
1/3/2018,10,5,10
1/4/2018,10,5,10
1/5/2018,10,5,13
1/6/2018,10,5,18
1/7/2018,10,5,9
1/8/2018,10,5,9
1/9/2018,10,5,11
1/10/2018,10,5,11
1/11/2018,10,5,8
1/12/2018,10,5,8
1/13/2018,10,5,9
1/14/2018,10,5,9
1/15/2018,10,5,5
1/16/2018,10,5,14
1/17/2018,10,5,8
1/18/2018,10,5,9
1/19/2018,10,5,10
1/20/2018,10,5,12
1/21/2018,10,5,14
1/22/2018,10,5,11
1/23/2018,10,5,4
1/24/2018,10,5,11
1/25/2018,10,5,6
1/26/2018,10,5,11
1/27/2018,10,5,15
1/28/2018,10,5,12
1/29/2018,10,5,10
1/30/2018,10,5,15
1/31/2018,10,5,13
2/1/2018,10,5,13
2/2/2018,10,5,12
2/3/2018,10,5,15
2/4/2018,10,5,16
2/5/2018,10,5,9
2/6/2018,10,5,12
2/7/2018,10,5,10
2/8/2018,10,5,11
2/9/2018,10,5,14
2/10/2018,10,5,21
2/11/2018,10,5,8
2/12/2018,10,5,15
2/13/2018,10,5,10
2/14/2018,10,5,13
2/15/2018,10,5,12
2/16/2018,10,5,24
2/17/2018,10,5,13
2/18/2018,10,5,10
2/19/2018,10,5,9
2/20/2018,10,5,12
2/21/2018,10,5,18
2/22/2018,10,5,12
2/23/2018,10,5,10
2/24/2018,10,5,19
2/25/2018,10,5,13
2/26/2018,10,5,12
2/27/2018,10,5,17
2/28/2018,10,5,15
3/1/2018,10,5,14
3/2/2018,10,5,19
3/3/2018,10,5,19
3/4/2018,10,5,10
3/5/2018,10,5,21
3/6/2018,10,5,15
3/7/2018,10,5,16
3/8/2018,10,5,15
3/9/2018,10,5,13
3/10/2018,10,5,16
3/11/2018,10,5,13
3/12/2018,10,5,13
3/13/2018,10,5,10
3/14/2018,10,5,20
3/15/2018,10,5,15
3/16/2018,10,5,17
3/17/2018,10,5,18
3/18/2018,10,5,17
3/19/2018,10,5,20
3/20/2018,10,5,12
3/21/2018,10,5,16
3/22/2018,10,5,12
3/23/2018,10,5,21
3/24/2018,10,5,11
3/25/2018,10,5,19
3/26/2018,10,5,13
3/27/2018,10,5,17
3/28/2018,10,5,21
3/29/2018,10,5,20
3/30/2018,10,5,14
3/31/2018,10,5,19
4/1/2018,10,5,18
4/2/2018,10,5,18
4/3/2018,10,5,11
4/4/2018,10,5,18
4/5/2018,10,5,22
4/6/2018,10,5,23
4/7/2018,10,5,23
4/8/2018,10,5,9
4/9/2018,10,5,12
4/10/2018,10,5,15
4/11/2018,10,5,16
4/12/2018,10,5,16
4/13/2018,10,5,26
4/14/2018,10,5,15
4/15/2018,10,5,13
4/16/2018,10,5,14
4/17/2018,10,5,16
4/18/2018,10,5,14
4/19/2018,10,5,18
4/20/2018,10,5,18
4/21/2018,10,5,15
4/22/2018,10,5,16
4/23/2018,10,5,21
4/24/2018,10,5,15
4/25/2018,10,5,22
4/26/2018,10,5,16
4/27/2018,10,5,21
4/28/2018,10,5,16
4/29/2018,10,5,20
4/30/2018,10,5,25
5/1/2018,10,5,17
5/2/2018,10,5,18
5/3/2018,10,5,13
5/4/2018,10,5,26
5/5/2018,10,5,26
5/6/2018,10,5,16
5/7/2018,10,5,18
5/8/2018,10,5,19
5/9/2018,10,5,14
5/10/2018,10,5,16
5/11/2018,10,5,23
5/12/2018,10,5,31
5/13/2018,10,5,21
5/14/2018,10,5,18
5/15/2018,10,5,21
5/16/2018,10,5,25
5/17/2018,10,5,25
5/18/2018,10,5,24
5/19/2018,10,5,20
5/20/2018,10,5,13
5/21/2018,10,5,21
5/22/2018,10,5,18
5/23/2018,10,5,23
5/24/2018,10,5,31
5/25/2018,10,5,22
5/26/2018,10,5,25
5/27/2018,10,5,12
5/28/2018,10,5,17
5/29/2018,10,5,8
5/30/2018,10,5,19
5/31/2018,10,5,29
6/1/2018,10,5,18
6/2/2018,10,5,33
6/3/2018,10,5,15
6/4/2018,10,5,21
6/5/2018,10,5,13
6/6/2018,10,5,25
6/7/2018,10,5,33
6/8/2018,10,5,22
6/9/2018,10,5,16
6/10/2018,10,5,10
6/11/2018,10,5,24
6/12/2018,10,5,14
6/13/2018,10,5,18
6/14/2018,10,5,21
6/15/2018,10,5,27
6/16/2018,10,5,29
6/17/2018,10,5,21
6/18/2018,10,5,21
6/19/2018,10,5,18
6/20/2018,10,5,28
6/21/2018,10,5,21
6/22/2018,10,5,23
6/23/2018,10,5,27
6/24/2018,10,5,14
6/25/2018,10,5,17
6/26/2018,10,5,17
6/27/2018,10,5,20
6/28/2018,10,5,21
6/29/2018,10,5,22
6/30/2018,10,5,27
7/1/2018,10,5,16
7/2/2018,10,5,15
7/3/2018,10,5,17
7/4/2018,10,5,16
7/5/2018,10,5,34
7/6/2018,10,5,21
7/7/2018,10,5,28
7/8/2018,10,5,24
7/9/2018,10,5,23
7/10/2018,10,5,16
7/11/2018,10,5,25
7/12/2018,10,5,22
7/13/2018,10,5,25
7/14/2018,10,5,15
7/15/2018,10,5,12
7/16/2018,10,5,18
7/17/2018,10,5,19
7/18/2018,10,5,24
7/19/2018,10,5,23
7/20/2018,10,5,13
7/21/2018,10,5,25
7/22/2018,10,5,17
7/23/2018,10,5,20
7/24/2018,10,5,21
7/25/2018,10,5,22
7/26/2018,10,5,25
7/27/2018,10,5,35
7/28/2018,10,5,35
7/29/2018,10,5,19
7/30/2018,10,5,21
7/31/2018,10,5,26
8/1/2018,10,5,19
8/2/2018,10,5,16
8/3/2018,10,5,24
8/4/2018,10,5,22
8/5/2018,10,5,10
8/6/2018,10,5,15
8/7/2018,10,5,14
8/8/2018,10,5,14
8/9/2018,10,5,19
8/10/2018,10,5,25
8/11/2018,10,5,27
8/12/2018,10,5,15
8/13/2018,10,5,17
8/14/2018,10,5,18
8/15/2018,10,5,14
8/16/2018,10,5,24
8/17/2018,10,5,30
8/18/2018,10,5,28
8/19/2018,10,5,7
8/20/2018,10,5,14
8/21/2018,10,5,29
8/22/2018,10,5,20
8/23/2018,10,5,27
8/24/2018,10,5,26
8/25/2018,10,5,25
8/26/2018,10,5,18
8/27/2018,10,5,14
8/28/2018,10,5,16
8/29/2018,10,5,15
8/30/2018,10,5,24
8/31/2018,10,5,20
9/1/2018,10,5,26
9/2/2018,10,5,19
9/3/2018,10,5,13
9/4/2018,10,5,12
9/5/2018,10,5,19
9/6/2018,10,5,15
9/7/2018,10,5,27
9/8/2018,10,5,21
9/9/2018,10,5,21
9/10/2018,10,5,10
9/11/2018,10,5,15
9/12/2018,10,5,17
9/13/2018,10,5,16
9/14/2018,10,5,22
9/15/2018,10,5,25
9/16/2018,10,5,13
9/17/2018,10,5,13
9/18/2018,10,5,9
9/19/2018,10,5,12
9/20/2018,10,5,24
9/21/2018,10,5,17
9/22/2018,10,5,22
9/23/2018,10,5,16
9/24/2018,10,5,16
9/25/2018,10,5,14
9/26/2018,10,5,12
9/27/2018,10,5,19
9/28/2018,10,5,19
9/29/2018,10,5,14
9/30/2018,10,5,18
10/1/2018,10,5,20
10/2/2018,10,5,20
10/3/2018,10,5,11
10/4/2018,10,5,12
10/5/2018,10,5,28
10/6/2018,10,5,19
10/7/2018,10,5,19
10/8/2018,10,5,11
10/9/2018,10,5,18
10/10/2018,10,5,13
10/11/2018,10,5,13
10/12/2018,10,5,18
10/13/2018,10,5,22
10/14/2018,10,5,12
10/15/2018,10,5,15
10/16/2018,10,5,19
10/17/2018,10,5,16
10/18/2018,10,5,20
10/19/2018,10,5,22
10/20/2018,10,5,26
10/21/2018,10,5,12
10/22/2018,10,5,14
10/23/2018,10,5,14
10/24/2018,10,5,17
10/25/2018,10,5,14
10/26/2018,10,5,20
10/27/2018,10,5,20
10/28/2018,10,5,16
10/29/2018,10,5,13
10/30/2018,10,5,21
10/31/2018,10,5,23
11/1/2018,10,5,25
11/2/2018,10,5,17
11/3/2018,10,5,22
11/4/2018,10,5,18
11/5/2018,10,5,14
11/6/2018,10,5,14
11/7/2018,10,5,21
11/8/2018,10,5,17
11/9/2018,10,5,17
11/10/2018,10,5,24
11/11/2018,10,5,18
11/12/2018,10,5,20
11/13/2018,10,5,15
11/14/2018,10,5,14
11/15/2018,10,5,26
11/16/2018,10,5,25
11/17/2018,10,5,17
11/18/2018,10,5,12
11/19/2018,10,5,14
11/20/2018,10,5,18
11/21/2018,10,5,17
11/22/2018,10,5,25
11/23/2018,10,5,16
11/24/2018,10,5,24
11/25/2018,10,5,18
11/26/2018,10,5,13
11/27/2018,10,5,22
11/28/2018,10,5,18
11/29/2018,10,5,26
11/30/2018,10,5,16
12/1/2018,10,5,28
12/2/2018,10,5,10
12/3/2018,10,5,8
12/4/2018,10,5,16
12/5/2018,10,5,13
12/6/2018,10,5,14
12/7/2018,10,5,14
12/8/2018,10,5,23
12/9/2018,10,5,14
12/10/2018,10,5,14
12/11/2018,10,5,12
12/12/2018,10,5,8
12/13/2018,10,5,15
12/14/2018,10,5,12
12/15/2018,10,5,19
12/16/2018,10,5,6
12/17/2018,10,5,5
12/18/2018,10,5,13
12/19/2018,10,5,15
12/20/2018,10,5,21
12/21/2018,10,5,18
12/22/2018,10,5,23
12/23/2018,10,5,12
12/24/2018,10,5,11
12/25/2018,10,5,17
12/26/2018,10,5,14
12/27/2018,10,5,11
12/28/2018,10,5,15
12/29/2018,10,5,19
12/30/2018,10,5,8
12/31/2018,10,5,14
1/1/2019,10,5,15
1/2/2019,10,5,12
1/3/2019,10,5,12
1/4/2019,10,5,14
1/5/2019,10,5,11
1/6/2019,10,5,6
1/7/2019,10,5,9
1/8/2019,10,5,15
1/9/2019,10,5,13
1/10/2019,10,5,10
1/11/2019,10,5,14
1/12/2019,10,5,20
1/13/2019,10,5,7
1/14/2019,10,5,11
1/15/2019,10,5,9
1/16/2019,10,5,7
1/17/2019,10,5,9
1/18/2019,10,5,7
1/19/2019,10,5,17
1/20/2019,10,5,10
1/21/2019,10,5,11
1/22/2019,10,5,16
1/23/2019,10,5,13
1/24/2019,10,5,13
1/25/2019,10,5,18
1/26/2019,10,5,15
1/27/2019,10,5,8
1/28/2019,10,5,13
1/29/2019,10,5,9
1/30/2019,10,5,10
1/31/2019,10,5,12
2/1/2019,10,5,12
2/2/2019,10,5,18
2/3/2019,10,5,14
2/4/2019,10,5,12
2/5/2019,10,5,17
2/6/2019,10,5,15
2/7/2019,10,5,17
2/8/2019,10,5,23
2/9/2019,10,5,18
2/10/2019,10,5,16
2/11/2019,10,5,19
2/12/2019,10,5,10
2/13/2019,10,5,14
2/14/2019,10,5,20
2/15/2019,10,5,17
2/16/2019,10,5,27
2/17/2019,10,5,15
2/18/2019,10,5,13
2/19/2019,10,5,16
2/20/2019,10,5,14
2/21/2019,10,5,21
2/22/2019,10,5,20
2/23/2019,10,5,18
2/24/2019,10,5,10
2/25/2019,10,5,14
2/26/2019,10,5,8
2/27/2019,10,5,12
2/28/2019,10,5,23
3/1/2019,10,5,24
3/2/2019,10,5,13
3/3/2019,10,5,13
3/4/2019,10,5,14
3/5/2019,10,5,11
3/6/2019,10,5,19
3/7/2019,10,5,18
3/8/2019,10,5,14
3/9/2019,10,5,19
3/10/2019,10,5,17
3/11/2019,10,5,15
3/12/2019,10,5,13
3/13/2019,10,5,12
3/14/2019,10,5,9
3/15/2019,10,5,20
3/16/2019,10,5,28
3/17/2019,10,5,10
3/18/2019,10,5,14
3/19/2019,10,5,15
3/20/2019,10,5,11
3/21/2019,10,5,20
3/22/2019,10,5,27
3/23/2019,10,5,31
3/24/2019,10,5,8
3/25/2019,10,5,17
3/26/2019,10,5,11
3/27/2019,10,5,19
3/28/2019,10,5,18
3/29/2019,10,5,20
3/30/2019,10,5,17
3/31/2019,10,5,8
4/1/2019,10,5,18
4/2/2019,10,5,25
4/3/2019,10,5,22
4/4/2019,10,5,20
4/5/2019,10,5,24
4/6/2019,10,5,20
4/7/2019,10,5,13
4/8/2019,10,5,20
4/9/2019,10,5,20
4/10/2019,10,5,23
4/11/2019,10,5,15
4/12/2019,10,5,19
4/13/2019,10,5,24
4/14/2019,10,5,15
4/15/2019,10,5,24
4/16/2019,10,5,18
4/17/2019,10,5,16
4/18/2019,10,5,21
4/19/2019,10,5,17
4/20/2019,10,5,20
4/21/2019,10,5,24
4/22/2019,10,5,26
4/23/2019,10,5,21
4/24/2019,10,5,18
4/25/2019,10,5,21
4/26/2019,10,5,27
4/27/2019,10,5,22
4/28/2019,10,5,19
4/29/2019,10,5,15
4/30/2019,10,5,24
5/1/2019,10,5,24
5/2/2019,10,5,23
5/3/2019,10,5,23
5/4/2019,10,5,25
5/5/2019,10,5,11
5/6/2019,10,5,21
5/7/2019,10,5,25
5/8/2019,10,5,22
5/9/2019,10,5,22
5/10/2019,10,5,18
5/11/2019,10,5,20
5/12/2019,10,5,17
5/13/2019,10,5,23
5/14/2019,10,5,22
5/15/2019,10,5,23
5/16/2019,10,5,22
5/17/2019,10,5,25
5/18/2019,10,5,32
5/19/2019,10,5,20
5/20/2019,10,5,26
5/21/2019,10,5,22
5/22/2019,10,5,22
5/23/2019,10,5,29
5/24/2019,10,5,25
5/25/2019,10,5,27
5/26/2019,10,5,18
5/27/2019,10,5,20
5/28/2019,10,5,19
5/29/2019,10,5,16
5/30/2019,10,5,28
5/31/2019,10,5,21
6/1/2019,10,5,20
6/2/2019,10,5,22
6/3/2019,10,5,19
6/4/2019,10,5,23
6/5/2019,10,5,21
6/6/2019,10,5,20
6/7/2019,10,5,17
6/8/2019,10,5,26
6/9/2019,10,5,27
6/10/2019,10,5,31
6/11/2019,10,5,30
6/12/2019,10,5,32
6/13/2019,10,5,26
6/14/2019,10,5,28
6/15/2019,10,5,25
6/16/2019,10,5,11
6/17/2019,10,5,21
6/18/2019,10,5,23
6/19/2019,10,5,23
6/20/2019,10,5,31
6/21/2019,10,5,22
6/22/2019,10,5,24
6/23/2019,10,5,15
6/24/2019,10,5,20
6/25/2019,10,5,19
6/26/2019,10,5,16
6/27/2019,10,5,18
6/28/2019,10,5,25
6/29/2019,10,5,24
6/30/2019,10,5,13
7/1/2019,10,5,24
7/2/2019,10,5,29
7/3/2019,10,5,25
7/4/2019,10,5,33
7/5/2019,10,5,27
7/6/2019,10,5,37
7/7/2019,10,5,21
7/8/2019,10,5,23
7/9/2019,10,5,14
7/10/2019,10,5,31
7/11/2019,10,5,34
7/12/2019,10,5,34
7/13/2019,10,5,37
7/14/2019,10,5,17
7/15/2019,10,5,27
7/16/2019,10,5,23
7/17/2019,10,5,31
7/18/2019,10,5,24
7/19/2019,10,5,17
7/20/2019,10,5,29
7/21/2019,10,5,16
7/22/2019,10,5,26
7/23/2019,10,5,23
7/24/2019,10,5,14
7/25/2019,10,5,32
7/26/2019,10,5,28
7/27/2019,10,5,26
7/28/2019,10,5,17
7/29/2019,10,5,26
7/30/2019,10,5,24
7/31/2019,10,5,21
8/1/2019,10,5,20
8/2/2019,10,5,24
8/3/2019,10,5,25
8/4/2019,10,5,13
8/5/2019,10,5,23
8/6/2019,10,5,16
8/7/2019,10,5,21
8/8/2019,10,5,12
8/9/2019,10,5,23
8/10/2019,10,5,23
8/11/2019,10,5,19
8/12/2019,10,5,11
8/13/2019,10,5,24
8/14/2019,10,5,21
8/15/2019,10,5,18
8/16/2019,10,5,25
8/17/2019,10,5,18
8/18/2019,10,5,19
8/19/2019,10,5,26
8/20/2019,10,5,27
8/21/2019,10,5,23
8/22/2019,10,5,24
8/23/2019,10,5,32
8/24/2019,10,5,21
8/25/2019,10,5,22
8/26/2019,10,5,22
8/27/2019,10,5,18
8/28/2019,10,5,27
8/29/2019,10,5,29
8/30/2019,10,5,20
8/31/2019,10,5,29
9/1/2019,10,5,11
9/2/2019,10,5,18
9/3/2019,10,5,19
9/4/2019,10,5,17
9/5/2019,10,5,12
9/6/2019,10,5,20
9/7/2019,10,5,31
9/8/2019,10,5,17
9/9/2019,10,5,16
9/10/2019,10,5,21
9/11/2019,10,5,22
9/12/2019,10,5,19
9/13/2019,10,5,25
9/14/2019,10,5,26
9/15/2019,10,5,18
9/16/2019,10,5,16
9/17/2019,10,5,16
9/18/2019,10,5,22
9/19/2019,10,5,24
9/20/2019,10,5,27
9/21/2019,10,5,21
9/22/2019,10,5,20
9/23/2019,10,5,19
9/24/2019,10,5,20
9/25/2019,10,5,18
9/26/2019,10,5,21
9/27/2019,10,5,25
9/28/2019,10,5,22
9/29/2019,10,5,10
9/30/2019,10,5,20
10/1/2019,10,5,17
10/2/2019,10,5,16
10/3/2019,10,5,17
10/4/2019,10,5,13
10/5/2019,10,5,20
10/6/2019,10,5,20
10/7/2019,10,5,21
10/8/2019,10,5,20
10/9/2019,10,5,22
10/10/2019,10,5,20
10/11/2019,10,5,22
10/12/2019,10,5,20
10/13/2019,10,5,18
10/14/2019,10,5,16
10/15/2019,10,5,23
10/16/2019,10,5,15
10/17/2019,10,5,17
10/18/2019,10,5,21
10/19/2019,10,5,23
10/20/2019,10,5,19
10/21/2019,10,5,16
10/22/2019,10,5,16
10/23/2019,10,5,21
10/24/2019,10,5,17
10/25/2019,10,5,26
10/26/2019,10,5,22
10/27/2019,10,5,17
10/28/2019,10,5,12
10/29/2019,10,5,13
10/30/2019,10,5,19
10/31/2019,10,5,21
11/1/2019,10,5,13
11/2/2019,10,5,29
11/3/2019,10,5,16
11/4/2019,10,5,22
11/5/2019,10,5,12
11/6/2019,10,5,17
11/7/2019,10,5,22
11/8/2019,10,5,27
11/9/2019,10,5,30
11/10/2019,10,5,26
11/11/2019,10,5,18
11/12/2019,10,5,18
11/13/2019,10,5,23
11/14/2019,10,5,24
11/15/2019,10,5,26
11/16/2019,10,5,29
11/17/2019,10,5,16
11/18/2019,10,5,23
11/19/2019,10,5,20
11/20/2019,10,5,21
11/21/2019,10,5,27
11/22/2019,10,5,23
11/23/2019,10,5,29
11/24/2019,10,5,25
11/25/2019,10,5,15
11/26/2019,10,5,24
11/27/2019,10,5,17
11/28/2019,10,5,31
11/29/2019,10,5,27
11/30/2019,10,5,31
12/1/2019,10,5,8
12/2/2019,10,5,11
12/3/2019,10,5,17
12/4/2019,10,5,16
12/5/2019,10,5,26
12/6/2019,10,5,12
12/7/2019,10,5,23
12/8/2019,10,5,13
12/9/2019,10,5,12
12/10/2019,10,5,17
12/11/2019,10,5,10
12/12/2019,10,5,12
12/13/2019,10,5,15
12/14/2019,10,5,19
12/15/2019,10,5,13
12/16/2019,10,5,12
12/17/2019,10,5,10
12/18/2019,10,5,17
12/19/2019,10,5,9
12/20/2019,10,5,11
12/21/2019,10,5,12
12/22/2019,10,5,9
12/23/2019,10,5,17
12/24/2019,10,5,11
12/25/2019,10,5,19
12/26/2019,10,5,13
12/27/2019,10,5,16
12/28/2019,10,5,21
12/29/2019,10,5,12
12/30/2019,10,5,14
12/31/2019,10,5,12
1/1/2020,10,5,15
1/2/2020,10,5,17
1/3/2020,10,5,17
1/4/2020,10,5,9
1/5/2020,10,5,15
1/6/2020,10,5,11
1/7/2020,10,5,14
1/8/2020,10,5,11
1/9/2020,10,5,16
1/10/2020,10,5,8
1/11/2020,10,5,16
1/12/2020,10,5,7
1/13/2020,10,5,15
1/14/2020,10,5,20
1/15/2020,10,5,18
1/16/2020,10,5,10
1/17/2020,10,5,15
1/18/2020,10,5,17
1/19/2020,10,5,6
1/20/2020,10,5,14
1/21/2020,10,5,10
1/22/2020,10,5,15
1/23/2020,10,5,17
1/24/2020,10,5,17
1/25/2020,10,5,29
1/26/2020,10,5,10
1/27/2020,10,5,16
1/28/2020,10,5,8
1/29/2020,10,5,20
1/30/2020,10,5,17
1/31/2020,10,5,16
2/1/2020,10,5,24
2/2/2020,10,5,11
2/3/2020,10,5,10
2/4/2020,10,5,16
2/5/2020,10,5,16
2/6/2020,10,5,16
2/7/2020,10,5,30
2/8/2020,10,5,25
2/9/2020,10,5,12
2/10/2020,10,5,13
2/11/2020,10,5,17
2/12/2020,10,5,16
2/13/2020,10,5,17
2/14/2020,10,5,16
2/15/2020,10,5,22
2/16/2020,10,5,10
2/17/2020,10,5,18
2/18/2020,10,5,15
2/19/2020,10,5,11
2/20/2020,10,5,16
2/21/2020,10,5,17
2/22/2020,10,5,13
2/23/2020,10,5,12
2/24/2020,10,5,19
2/25/2020,10,5,15
2/26/2020,10,5,9
2/27/2020,10,5,15
2/28/2020,10,5,14
3/1/2020,10,5,24
3/2/2020,10,5,14
3/3/2020,10,5,20
3/4/2020,10,5,12
3/5/2020,10,5,21
3/6/2020,10,5,22
3/7/2020,10,5,29
3/8/2020,10,5,23
3/9/2020,10,5,19
3/10/2020,10,5,18
3/11/2020,10,5,9
3/12/2020,10,5,15
3/13/2020,10,5,25
3/14/2020,10,5,18
3/15/2020,10,5,21
3/16/2020,10,5,9
3/17/2020,10,5,23
3/18/2020,10,5,18
3/19/2020,10,5,18
3/20/2020,10,5,21
3/21/2020,10,5,17
3/22/2020,10,5,20
3/23/2020,10,5,11
3/24/2020,10,5,19
3/25/2020,10,5,20
3/26/2020,10,5,20
3/27/2020,10,5,26
3/28/2020,10,5,25
3/29/2020,10,5,13
3/30/2020,10,5,15
3/31/2020,10,5,19
4/1/2020,10,5,23
4/2/2020,10,5,15
4/3/2020,10,5,22
4/4/2020,10,5,31
4/5/2020,10,5,31
4/6/2020,10,5,20
4/7/2020,10,5,20
4/8/2020,10,5,15
4/9/2020,10,5,23
4/10/2020,10,5,24
4/11/2020,10,5,21
4/12/2020,10,5,22
4/13/2020,10,5,16
4/14/2020,10,5,28
4/15/2020,10,5,18
4/16/2020,10,5,23
4/17/2020,10,5,20
4/18/2020,10,5,23
4/19/2020,10,5,25
4/20/2020,10,5,17
4/21/2020,10,5,29
4/22/2020,10,5,20
4/23/2020,10,5,23
4/24/2020,10,5,25
4/25/2020,10,5,23
4/26/2020,10,5,31
4/27/2020,10,5,26
4/28/2020,10,5,32
4/29/2020,10,5,26
4/30/2020,10,5,16
5/1/2020,10,5,20
5/2/2020,10,5,24
5/3/2020,10,5,31
5/4/2020,10,5,14
5/5/2020,10,5,15
5/6/2020,10,5,18
5/7/2020,10,5,14
5/8/2020,10,5,23
5/9/2020,10,5,34
5/10/2020,10,5,29
5/11/2020,10,5,8
5/12/2020,10,5,23
5/13/2020,10,5,21
5/14/2020,10,5,22
5/15/2020,10,5,23
5/16/2020,10,5,32
5/17/2020,10,5,30
5/18/2020,10,5,22
5/19/2020,10,5,16
5/20/2020,10,5,28
5/21/2020,10,5,14
5/22/2020,10,5,33
5/23/2020,10,5,36
5/24/2020,10,5,26
5/25/2020,10,5,9
5/26/2020,10,5,18
5/27/2020,10,5,19
5/28/2020,10,5,27
5/29/2020,10,5,21
5/30/2020,10,5,30
5/31/2020,10,5,25
6/1/2020,10,5,25
6/2/2020,10,5,26
6/3/2020,10,5,19
6/4/2020,10,5,24
6/5/2020,10,5,20
6/6/2020,10,5,18
6/7/2020,10,5,28
6/8/2020,10,5,22
6/9/2020,10,5,28
6/10/2020,10,5,22
6/11/2020,10,5,34
6/12/2020,10,5,36
6/13/2020,10,5,26
6/14/2020,10,5,40
6/15/2020,10,5,22
6/16/2020,10,5,28
6/17/2020,10,5,31
6/18/2020,10,5,22
6/19/2020,10,5,31
6/20/2020,10,5,30
6/21/2020,10,5,38
6/22/2020,10,5,16
6/23/2020,10,5,20
6/24/2020,10,5,24
6/25/2020,10,5,20
6/26/2020,10,5,24
6/27/2020,10,5,34
6/28/2020,10,5,37
6/29/2020,10,5,20
6/30/2020,10,5,28
7/1/2020,10,5,26
7/2/2020,10,5,24
7/3/2020,10,5,40
7/4/2020,10,5,23
7/5/2020,10,5,25
7/6/2020,10,5,19
7/7/2020,10,5,22
7/8/2020,10,5,31
7/9/2020,10,5,29
7/10/2020,10,5,29
7/11/2020,10,5,30
7/12/2020,10,5,25
7/13/2020,10,5,26
7/14/2020,10,5,20
7/15/2020,10,5,27
7/16/2020,10,5,25
7/17/2020,10,5,33
7/18/2020,10,5,27
7/19/2020,10,5,30
7/20/2020,10,5,24
7/21/2020,10,5,22
7/22/2020,10,5,17
7/23/2020,10,5,22
7/24/2020,10,5,27
7/25/2020,10,5,36
7/26/2020,10,5,27
7/27/2020,10,5,18
7/28/2020,10,5,25
7/29/2020,10,5,22
7/30/2020,10,5,24
7/31/2020,10,5,25
8/1/2020,10,5,27
8/2/2020,10,5,25
8/3/2020,10,5,19
8/4/2020,10,5,17
8/5/2020,10,5,23
8/6/2020,10,5,22
8/7/2020,10,5,22
8/8/2020,10,5,31
8/9/2020,10,5,26
8/10/2020,10,5,20
8/11/2020,10,5,17
8/12/2020,10,5,36
8/13/2020,10,5,20
8/14/2020,10,5,25
8/15/2020,10,5,18
8/16/2020,10,5,26
8/17/2020,10,5,18
8/18/2020,10,5,38
8/19/2020,10,5,16
8/20/2020,10,5,18
8/21/2020,10,5,27
8/22/2020,10,5,35
8/23/2020,10,5,21
8/24/2020,10,5,21
8/25/2020,10,5,23
8/26/2020,10,5,25
8/27/2020,10,5,25
8/28/2020,10,5,27
8/29/2020,10,5,28
8/30/2020,10,5,26
8/31/2020,10,5,10
9/1/2020,10,5,20
9/2/2020,10,5,18
9/3/2020,10,5,28
9/4/2020,10,5,17
9/5/2020,10,5,22
9/6/2020,10,5,33
9/7/2020,10,5,19
9/8/2020,10,5,15
9/9/2020,10,5,15
9/10/2020,10,5,19
9/11/2020,10,5,24
9/12/2020,10,5,23
9/13/2020,10,5,24
9/14/2020,10,5,12
9/15/2020,10,5,21
9/16/2020,10,5,24
9/17/2020,10,5,19
9/18/2020,10,5,25
9/19/2020,10,5,29
9/20/2020,10,5,25
9/21/2020,10,5,21
9/22/2020,10,5,17
9/23/2020,10,5,26
9/24/2020,10,5,20
9/25/2020,10,5,15
9/26/2020,10,5,22
9/27/2020,10,5,24
9/28/2020,10,5,15
9/29/2020,10,5,19
9/30/2020,10,5,13
10/1/2020,10,5,24
10/2/2020,10,5,20
10/3/2020,10,5,24
10/4/2020,10,5,27
10/5/2020,10,5,16
10/6/2020,10,5,13
10/7/2020,10,5,21
10/8/2020,10,5,14
10/9/2020,10,5,22
10/10/2020,10,5,16
10/11/2020,10,5,11
10/12/2020,10,5,22
10/13/2020,10,5,15
10/14/2020,10,5,20
10/15/2020,10,5,20
10/16/2020,10,5,19
10/17/2020,10,5,24
10/18/2020,10,5,33
10/19/2020,10,5,22
10/20/2020,10,5,19
10/21/2020,10,5,22
10/22/2020,10,5,23
10/23/2020,10,5,16
10/24/2020,10,5,16
10/25/2020,10,5,26
10/26/2020,10,5,20
10/27/2020,10,5,26
10/28/2020,10,5,14
10/29/2020,10,5,17
10/30/2020,10,5,13
10/31/2020,10,5,20
11/1/2020,10,5,22
11/2/2020,10,5,21
11/3/2020,10,5,17
11/4/2020,10,5,25
11/5/2020,10,5,26
11/6/2020,10,5,29
11/7/2020,10,5,19
11/8/2020,10,5,19
11/9/2020,10,5,13
11/10/2020,10,5,25
11/11/2020,10,5,15
11/12/2020,10,5,20
11/13/2020,10,5,19
11/14/2020,10,5,20
11/15/2020,10,5,30
11/16/2020,10,5,20
11/17/2020,10,5,13
11/18/2020,10,5,17
11/19/2020,10,5,19
11/20/2020,10,5,25
11/21/2020,10,5,19
11/22/2020,10,5,28
11/23/2020,10,5,20
11/24/2020,10,5,24
11/25/2020,10,5,24
11/26/2020,10,5,26
11/27/2020,10,5,27
11/28/2020,10,5,30
11/29/2020,10,5,24
11/30/2020,10,5,15
12/1/2020,10,5,11
12/2/2020,10,5,14
12/3/2020,10,5,16
12/4/2020,10,5,12
12/5/2020,10,5,27
12/6/2020,10,5,18
12/7/2020,10,5,15
12/8/2020,10,5,15
12/9/2020,10,5,11
12/10/2020,10,5,19
12/11/2020,10,5,16
12/12/2020,10,5,23
12/13/2020,10,5,19
12/14/2020,10,5,12
12/15/2020,10,5,15
12/16/2020,10,5,13
12/17/2020,10,5,21
12/18/2020,10,5,13
12/19/2020,10,5,9
12/20/2020,10,5,17
12/21/2020,10,5,8
12/22/2020,10,5,11
12/23/2020,10,5,10
12/24/2020,10,5,12
12/25/2020,10,5,16
12/26/2020,10,5,19
12/27/2020,10,5,21
12/28/2020,10,5,15
12/29/2020,10,5,5
12/30/2020,10,5,11
12/31/2020,10,5,13
1/1/2021,10,5,8
1/2/2021,10,5,11
1/3/2021,10,5,15
1/4/2021,10,5,13
1/5/2021,10,5,20
1/6/2021,10,5,7
1/7/2021,10,5,23
1/8/2021,10,5,14
1/9/2021,10,5,12
1/10/2021,10,5,16
1/11/2021,10,5,9
1/12/2021,10,5,13
1/13/2021,10,5,10
1/14/2021,10,5,14
1/15/2021,10,5,13
1/16/2021,10,5,16
1/17/2021,10,5,16
1/18/2021,10,5,8
1/19/2021,10,5,13
1/20/2021,10,5,9
1/21/2021,10,5,12
1/22/2021,10,5,10
1/23/2021,10,5,12
1/24/2021,10,5,22
1/25/2021,10,5,8
1/26/2021,10,5,11
1/27/2021,10,5,6
1/28/2021,10,5,12
1/29/2021,10,5,16
1/30/2021,10,5,15
1/31/2021,10,5,22
2/1/2021,10,5,9
2/2/2021,10,5,18
2/3/2021,10,5,11
2/4/2021,10,5,18
2/5/2021,10,5,17
2/6/2021,10,5,28
2/7/2021,10,5,15
2/8/2021,10,5,10
2/9/2021,10,5,16
2/10/2021,10,5,18
2/11/2021,10,5,14
2/12/2021,10,5,21
2/13/2021,10,5,24
2/14/2021,10,5,23
2/15/2021,10,5,13
2/16/2021,10,5,18
2/17/2021,10,5,14
2/18/2021,10,5,16
2/19/2021,10,5,17
2/20/2021,10,5,21
2/21/2021,10,5,26
2/22/2021,10,5,10
2/23/2021,10,5,17
2/24/2021,10,5,17
2/25/2021,10,5,20
2/26/2021,10,5,21
2/27/2021,10,5,20
2/28/2021,10,5,16
2/29/2021,10,5,12
3/1/2021,10,5,10
3/2/2021,10,5,14
3/3/2021,10,5,19
3/4/2021,10,5,17
3/5/2021,10,5,24
3/6/2021,10,5,25
3/7/2021,10,5,12
3/8/2021,10,5,21
3/9/2021,10,5,17
3/10/2021,10,5,24
3/11/2021,10,5,18
3/12/2021,10,5,28
3/13/2021,10,5,20
3/14/2021,10,5,22
3/15/2021,10,5,19
3/16/2021,10,5,19
3/17/2021,10,5,17
3/18/2021,10,5,18
3/19/2021,10,5,19
3/20/2021,10,5,27
3/21/2021,10,5,21
3/22/2021,10,5,21
3/23/2021,10,5,30
3/24/2021,10,5,18
3/25/2021,10,5,29
3/26/2021,10,5,24
3/27/2021,10,5,25
3/28/2021,10,5,20
3/29/2021,10,5,16
3/30/2021,10,5,15
3/31/2021,10,5,24
4/1/2021,10,5,28
4/2/2021,10,5,31
4/3/2021,10,5,39
4/4/2021,10,5,24
4/5/2021,10,5,26
4/6/2021,10,5,32
4/7/2021,10,5,31
4/8/2021,10,5,27
4/9/2021,10,5,20
4/10/2021,10,5,31
4/11/2021,10,5,20
4/12/2021,10,5,29
4/13/2021,10,5,13
4/14/2021,10,5,24
4/15/2021,10,5,24
4/16/2021,10,5,30
4/17/2021,10,5,29
4/18/2021,10,5,12
4/19/2021,10,5,21
4/20/2021,10,5,25
4/21/2021,10,5,28
4/22/2021,10,5,27
4/23/2021,10,5,26
4/24/2021,10,5,23
4/25/2021,10,5,21
4/26/2021,10,5,22
4/27/2021,10,5,38
4/28/2021,10,5,24
4/29/2021,10,5,21
4/30/2021,10,5,33
5/1/2021,10,5,30
5/2/2021,10,5,21
5/3/2021,10,5,17
5/4/2021,10,5,17
5/5/2021,10,5,16
5/6/2021,10,5,28
5/7/2021,10,5,28
5/8/2021,10,5,35
5/9/2021,10,5,29
5/10/2021,10,5,23
5/11/2021,10,5,28
5/12/2021,10,5,32
5/13/2021,10,5,28
5/14/2021,10,5,30
5/15/2021,10,5,29
5/16/2021,10,5,21
5/17/2021,10,5,16
5/18/2021,10,5,28
5/19/2021,10,5,28
5/20/2021,10,5,33
5/21/2021,10,5,40
5/22/2021,10,5,28
5/23/2021,10,5,22
5/24/2021,10,5,33
5/25/2021,10,5,26
5/26/2021,10,5,31
5/27/2021,10,5,27
5/28/2021,10,5,29
5/29/2021,10,5,32
5/30/2021,10,5,15
5/31/2021,10,5,24
6/1/2021,10,5,18
6/2/2021,10,5,21
6/3/2021,10,5,23
6/4/2021,10,5,34
6/5/2021,10,5,37
6/6/2021,10,5,24
6/7/2021,10,5,24
6/8/2021,10,5,24
6/9/2021,10,5,27
6/10/2021,10,5,36
6/11/2021,10,5,28
6/12/2021,10,5,22
6/13/2021,10,5,23
6/14/2021,10,5,26
6/15/2021,10,5,16
6/16/2021,10,5,27
6/17/2021,10,5,36
6/18/2021,10,5,29
6/19/2021,10,5,28
6/20/2021,10,5,20
6/21/2021,10,5,28
6/22/2021,10,5,36
6/23/2021,10,5,29
6/24/2021,10,5,24
6/25/2021,10,5,25
6/26/2021,10,5,33
6/27/2021,10,5,16
6/28/2021,10,5,21
6/29/2021,10,5,28
6/30/2021,10,5,29
7/1/2021,10,5,40
7/2/2021,10,5,38
7/3/2021,10,5,26
7/4/2021,10,5,23
7/5/2021,10,5,22
7/6/2021,10,5,26
7/7/2021,10,5,26
7/8/2021,10,5,26
7/9/2021,10,5,24
7/10/2021,10,5,40
7/11/2021,10,5,28
7/12/2021,10,5,23
7/13/2021,10,5,38
7/14/2021,10,5,31
7/15/2021,10,5,37
7/16/2021,10,5,30
7/17/2021,10,5,32
7/18/2021,10,5,19
7/19/2021,10,5,29
7/20/2021,10,5,25
7/21/2021,10,5,31
7/22/2021,10,5,27
7/23/2021,10,5,25
7/24/2021,10,5,24
7/25/2021,10,5,26
7/26/2021,10,5,28
7/27/2021,10,5,21
7/28/2021,10,5,25
7/29/2021,10,5,31
7/30/2021,10,5,40
7/31/2021,10,5,37
8/1/2021,10,5,12
8/2/2021,10,5,27
8/3/2021,10,5,25
8/4/2021,10,5,22
8/5/2021,10,5,27
8/6/2021,10,5,22
8/7/2021,10,5,25
8/8/2021,10,5,18
8/9/2021,10,5,19
8/10/2021,10,5,27
8/11/2021,10,5,26
8/12/2021,10,5,25
8/13/2021,10,5,28
8/14/2021,10,5,21
8/15/2021,10,5,18
8/16/2021,10,5,31
8/17/2021,10,5,30
8/18/2021,10,5,22
8/19/2021,10,5,21
8/20/2021,10,5,34
8/21/2021,10,5,31
8/22/2021,10,5,19
8/23/2021,10,5,30
8/24/2021,10,5,23
8/25/2021,10,5,21
8/26/2021,10,5,25
8/27/2021,10,5,31
8/28/2021,10,5,32
8/29/2021,10,5,19
8/30/2021,10,5,27
8/31/2021,10,5,23
9/1/2021,10,5,20
9/2/2021,10,5,21
9/3/2021,10,5,28
9/4/2021,10,5,28
9/5/2021,10,5,20
9/6/2021,10,5,23
9/7/2021,10,5,22
9/8/2021,10,5,26
9/9/2021,10,5,26
9/10/2021,10,5,30
9/11/2021,10,5,23
9/12/2021,10,5,15
9/13/2021,10,5,20
9/14/2021,10,5,17
9/15/2021,10,5,21
9/16/2021,10,5,17
9/17/2021,10,5,24
9/18/2021,10,5,20
9/19/2021,10,5,18
9/20/2021,10,5,19
9/21/2021,10,5,20
9/22/2021,10,5,21
9/23/2021,10,5,21
9/24/2021,10,5,23
9/25/2021,10,5,21
9/26/2021,10,5,21
9/27/2021,10,5,20
9/28/2021,10,5,22
9/29/2021,10,5,16
9/30/2021,10,5,25
10/1/2021,10,5,30
10/2/2021,10,5,30
10/3/2021,10,5,12
10/4/2021,10,5,16
10/5/2021,10,5,27
10/6/2021,10,5,19
10/7/2021,10,5,18
10/8/2021,10,5,28
10/9/2021,10,5,25
10/10/2021,10,5,16
10/11/2021,10,5,19
10/12/2021,10,5,20
10/13/2021,10,5,27
10/14/2021,10,5,24
10/15/2021,10,5,15
10/16/2021,10,5,26
10/17/2021,10,5,16
10/18/2021,10,5,23
10/19/2021,10,5,23
10/20/2021,10,5,23
10/21/2021,10,5,21
10/22/2021,10,5,23
10/23/2021,10,5,17
10/24/2021,10,5,23
10/25/2021,10,5,19
10/26/2021,10,5,21
10/27/2021,10,5,19
10/28/2021,10,5,29
10/29/2021,10,5,24
10/30/2021,10,5,19
10/31/2021,10,5,17
11/1/2021,10,5,16
11/2/2021,10,5,24
11/3/2021,10,5,29
11/4/2021,10,5,29
11/5/2021,10,5,26
11/6/2021,10,5,27
11/7/2021,10,5,16
11/8/2021,10,5,26
11/9/2021,10,5,30
11/10/2021,10,5,25
11/11/2021,10,5,28
11/12/2021,10,5,30
11/13/2021,10,5,24
11/14/2021,10,5,28
11/15/2021,10,5,20
11/16/2021,10,5,34
11/17/2021,10,5,21
11/18/2021,10,5,28
11/19/2021,10,5,31
11/20/2021,10,5,26
11/21/2021,10,5,16
11/22/2021,10,5,21
11/23/2021,10,5,24
11/24/2021,10,5,16
11/25/2021,10,5,20
11/26/2021,10,5,28
11/27/2021,10,5,35
11/28/2021,10,5,14
11/29/2021,10,5,27
11/30/2021,10,5,35
12/1/2021,10,5,16
12/2/2021,10,5,17
12/3/2021,10,5,8
12/4/2021,10,5,19
12/5/2021,10,5,17
12/6/2021,10,5,22
12/7/2021,10,5,10
12/8/2021,10,5,17
12/9/2021,10,5,22
12/10/2021,10,5,17
12/11/2021,10,5,20
12/12/2021,10,5,12
12/13/2021,10,5,13
12/14/2021,10,5,19
12/15/2021,10,5,17
12/16/2021,10,5,27
12/17/2021,10,5,19
12/18/2021,10,5,20
12/19/2021,10,5,14
12/20/2021,10,5,14
12/21/2021,10,5,16
12/22/2021,10,5,25
12/23/2021,10,5,17
12/24/2021,10,5,14
12/25/2021,10,5,16
12/26/2021,10,5,12
12/27/2021,10,5,20
12/28/2021,10,5,16
12/29/2021,10,5,17
12/30/2021,10,5,24
12/31/2021,10,5,22
1/1/2022,10,5,24
1/2/2022,10,5,16
1/3/2022,10,5,16
1/4/2022,10,5,11
1/5/2022,10,5,16
1/6/2022,10,5,24
1/7/2022,10,5,17
1/8/2022,10,5,24
1/9/2022,10,5,10
1/10/2022,10,5,17
1/11/2022,10,5,18
1/12/2022,10,5,12
1/13/2022,10,5,19
1/14/2022,10,5,24
1/15/2022,10,5,18
1/16/2022,10,5,24
1/17/2022,10,5,8
1/18/2022,10,5,23
1/19/2022,10,5,16
1/20/2022,10,5,15
1/21/2022,10,5,17
1/22/2022,10,5,17
1/23/2022,10,5,8
1/24/2022,10,5,19
1/25/2022,10,5,14
1/26/2022,10,5,16
1/27/2022,10,5,13
1/28/2022,10,5,16
1/29/2022,10,5,22
1/30/2022,10,5,13
1/31/2022,10,5,18
2/1/2022,10,5,11
2/2/2022,10,5,21
2/3/2022,10,5,13
2/4/2022,10,5,20
2/5/2022,10,5,24
2/6/2022,10,5,13
2/7/2022,10,5,17
2/8/2022,10,5,11
2/9/2022,10,5,17
2/10/2022,10,5,18
2/11/2022,10,5,19
2/12/2022,10,5,22
2/13/2022,10,5,11
2/14/2022,10,5,22
2/15/2022,10,5,12
2/16/2022,10,5,18
2/17/2022,10,5,22
2/18/2022,10,5,19
2/19/2022,10,5,27
2/20/2022,10,5,10
2/21/2022,10,5,13
2/22/2022,10,5,18
2/23/2022,10,5,20
2/24/2022,10,5,23
2/25/2022,10,5,16
2/26/2022,10,5,26
2/27/2022,10,5,9
2/28/2022,10,5,18
3/1/2022,10,5,21
3/2/2022,10,5,17
3/3/2022,10,5,24
3/4/2022,10,5,19
3/5/2022,10,5,25
3/6/2022,10,5,26
3/7/2022,10,5,11
3/8/2022,10,5,19
3/9/2022,10,5,22
3/10/2022,10,5,26
3/11/2022,10,5,12
3/12/2022,10,5,29
3/13/2022,10,5,14
3/14/2022,10,5,16
3/15/2022,10,5,22
3/16/2022,10,5,24
3/17/2022,10,5,21
3/18/2022,10,5,36
3/19/2022,10,5,22
3/20/2022,10,5,17
3/21/2022,10,5,24
3/22/2022,10,5,24
3/23/2022,10,5,22
3/24/2022,10,5,19
3/25/2022,10,5,26
3/26/2022,10,5,27
3/27/2022,10,5,22
3/28/2022,10,5,18
3/29/2022,10,5,18
3/30/2022,10,5,11
3/31/2022,10,5,28
4/1/2022,10,5,30
4/2/2022,10,5,34
4/3/2022,10,5,27
4/4/2022,10,5,35
4/5/2022,10,5,35
4/6/2022,10,5,29
4/7/2022,10,5,22
4/8/2022,10,5,28
4/9/2022,10,5,32
4/10/2022,10,5,16
4/11/2022,10,5,23
4/12/2022,10,5,26
4/13/2022,10,5,23
4/14/2022,10,5,34
4/15/2022,10,5,28
4/16/2022,10,5,28
4/17/2022,10,5,14
4/18/2022,10,5,20
4/19/2022,10,5,31
4/20/2022,10,5,24
4/21/2022,10,5,35
4/22/2022,10,5,33
4/23/2022,10,5,26
4/24/2022,10,5,23
4/25/2022,10,5,25
4/26/2022,10,5,17
4/27/2022,10,5,21
4/28/2022,10,5,33
4/29/2022,10,5,28
4/30/2022,10,5,26
5/1/2022,10,5,22
5/2/2022,10,5,28
5/3/2022,10,5,16
5/4/2022,10,5,28
5/5/2022,10,5,25
5/6/2022,10,5,36
5/7/2022,10,5,31
5/8/2022,10,5,20
5/9/2022,10,5,21
5/10/2022,10,5,20
5/11/2022,10,5,26
5/12/2022,10,5,34
5/13/2022,10,5,25
5/14/2022,10,5,20
5/15/2022,10,5,17
5/16/2022,10,5,19
5/17/2022,10,5,22
5/18/2022,10,5,31
5/19/2022,10,5,29
5/20/2022,10,5,29
5/21/2022,10,5,29
5/22/2022,10,5,23
5/23/2022,10,5,17
5/24/2022,10,5,35
5/25/2022,10,5,28
5/26/2022,10,5,29
5/27/2022,10,5,41
5/28/2022,10,5,25
5/29/2022,10,5,23
5/30/2022,10,5,17
5/31/2022,10,5,25
6/1/2022,10,5,35
6/2/2022,10,5,35
6/3/2022,10,5,33
6/4/2022,10,5,36
6/5/2022,10,5,21
6/6/2022,10,5,27
6/7/2022,10,5,34
6/8/2022,10,5,31
6/9/2022,10,5,31
6/10/2022,10,5,33
6/11/2022,10,5,34
6/12/2022,10,5,24
6/13/2022,10,5,26
6/14/2022,10,5,32
6/15/2022,10,5,33
6/16/2022,10,5,25
6/17/2022,10,5,32
6/18/2022,10,5,19
6/19/2022,10,5,20
6/20/2022,10,5,28
6/21/2022,10,5,22
6/22/2022,10,5,26
6/23/2022,10,5,35
6/24/2022,10,5,29
6/25/2022,10,5,34
6/26/2022,10,5,21
6/27/2022,10,5,27
6/28/2022,10,5,17
6/29/2022,10,5,42
6/30/2022,10,5,23
7/1/2022,10,5,28
7/2/2022,10,5,29
7/3/2022,10,5,23
7/4/2022,10,5,31
7/5/2022,10,5,19
7/6/2022,10,5,34
7/7/2022,10,5,34
7/8/2022,10,5,26
7/9/2022,10,5,38
7/10/2022,10,5,19
7/11/2022,10,5,19
7/12/2022,10,5,21
7/13/2022,10,5,29
7/14/2022,10,5,32
7/15/2022,10,5,23
7/16/2022,10,5,29
7/17/2022,10,5,26
7/18/2022,10,5,26
7/19/2022,10,5,28
7/20/2022,10,5,41
7/21/2022,10,5,22
7/22/2022,10,5,30
7/23/2022,10,5,40
7/24/2022,10,5,31
7/25/2022,10,5,28
7/26/2022,10,5,20
7/27/2022,10,5,31
7/28/2022,10,5,41
7/29/2022,10,5,28
7/30/2022,10,5,33
7/31/2022,10,5,16
8/1/2022,10,5,28
8/2/2022,10,5,26
8/3/2022,10,5,23
8/4/2022,10,5,31
8/5/2022,10,5,24
8/6/2022,10,5,35
8/7/2022,10,5,31
8/8/2022,10,5,34
8/9/2022,10,5,26
8/10/2022,10,5,29
8/11/2022,10,5,26
8/12/2022,10,5,37
8/13/2022,10,5,29
8/14/2022,10,5,18
8/15/2022,10,5,28
8/16/2022,10,5,25
8/17/2022,10,5,22
8/18/2022,10,5,27
8/19/2022,10,5,30
8/20/2022,10,5,34
8/21/2022,10,5,26
8/22/2022,10,5,21
8/23/2022,10,5,27
8/24/2022,10,5,24
8/25/2022,10,5,23
8/26/2022,10,5,24
8/27/2022,10,5,35
8/28/2022,10,5,23
8/29/2022,10,5,22
8/30/2022,10,5,35
8/31/2022,10,5,27
9/1/2022,10,5,25
9/2/2022,10,5,30
9/3/2022,10,5,26
9/4/2022,10,5,18
9/5/2022,10,5,14
9/6/2022,10,5,28
9/7/2022,10,5,26
9/8/2022,10,5,32
9/9/2022,10,5,24
9/10/2022,10,5,30
9/11/2022,10,5,17
9/12/2022,10,5,28
9/13/2022,10,5,18
9/14/2022,10,5,23
9/15/2022,10,5,16
9/16/2022,10,5,25
9/17/2022,10,5,35
9/18/2022,10,5,23
9/19/2022,10,5,24
9/20/2022,10,5,21
9/21/2022,10,5,24
9/22/2022,10,5,23
9/23/2022,10,5,26
9/24/2022,10,5,34
9/25/2022,10,5,25
9/26/2022,10,5,21
9/27/2022,10,5,19
9/28/2022,10,5,20
9/29/2022,10,5,23
9/30/2022,10,5,22
10/1/2022,10,5,33
10/2/2022,10,5,19
10/3/2022,10,5,28
10/4/2022,10,5,24
10/5/2022,10,5,16
10/6/2022,10,5,22
10/7/2022,10,5,16
10/8/2022,10,5,22
10/9/2022,10,5,24
10/10/2022,10,5,25
10/11/2022,10,5,18
10/12/2022,10,5,22
10/13/2022,10,5,37
10/14/2022,10,5,29
10/15/2022,10,5,28
10/16/2022,10,5,11
10/17/2022,10,5,20
10/18/2022,10,5,21
10/19/2022,10,5,16
10/20/2022,10,5,14
10/21/2022,10,5,12
10/22/2022,10,5,26
10/23/2022,10,5,25
10/24/2022,10,5,26
10/25/2022,10,5,27
10/26/2022,10,5,23
10/27/2022,10,5,22
10/28/2022,10,5,19
10/29/2022,10,5,29
10/30/2022,10,5,25
10/31/2022,10,5,19
11/1/2022,10,5,22
11/2/2022,10,5,27
11/3/2022,10,5,20
11/4/2022,10,5,24
11/5/2022,10,5,39
11/6/2022,10,5,18
11/7/2022,10,5,17
11/8/2022,10,5,28
11/9/2022,10,5,26
11/10/2022,10,5,34
11/11/2022,10,5,17
11/12/2022,10,5,23
11/13/2022,10,5,19
11/14/2022,10,5,21
11/15/2022,10,5,21
11/16/2022,10,5,22
11/17/2022,10,5,16
11/18/2022,10,5,28
11/19/2022,10,5,32
11/20/2022,10,5,20
11/21/2022,10,5,24
11/22/2022,10,5,34
11/23/2022,10,5,28
11/24/2022,10,5,20
11/25/2022,10,5,21
11/26/2022,10,5,32
11/27/2022,10,5,20
11/28/2022,10,5,20
11/29/2022,10,5,19
11/30/2022,10,5,18
12/1/2022,10,5,17
12/2/2022,10,5,17
12/3/2022,10,5,31
12/4/2022,10,5,19
12/5/2022,10,5,17
12/6/2022,10,5,12
12/7/2022,10,5,27
12/8/2022,10,5,19
12/9/2022,10,5,18
12/10/2022,10,5,23
12/11/2022,10,5,14
12/12/2022,10,5,14
12/13/2022,10,5,26
12/14/2022,10,5,22
12/15/2022,10,5,21
12/16/2022,10,5,20
12/17/2022,10,5,14
12/18/2022,10,5,13
12/19/2022,10,5,14
12/20/2022,10,5,17
12/21/2022,10,5,24
12/22/2022,10,5,12
12/23/2022,10,5,17
12/24/2022,10,5,25
12/25/2022,10,5,13
12/26/2022,10,5,12
12/27/2022,10,5,19
12/28/2022,10,5,14
12/29/2022,10,5,20
12/30/2022,10,5,21
12/31/2022,10,5,20
1/1/2018,2,5,4
1/2/2018,2,5,6
1/3/2018,2,5,12
1/4/2018,2,5,16
1/5/2018,2,5,9
1/6/2018,2,5,16
1/7/2018,2,5,7
1/8/2018,2,5,9
1/9/2018,2,5,13
1/10/2018,2,5,10
1/11/2018,2,5,26
1/12/2018,2,5,14
1/13/2018,2,5,15
1/14/2018,2,5,15
1/15/2018,2,5,12
1/16/2018,2,5,10
1/17/2018,2,5,12
1/18/2018,2,5,13
1/19/2018,2,5,17
1/20/2018,2,5,20
1/21/2018,2,5,16
1/22/2018,2,5,9
1/23/2018,2,5,13
1/24/2018,2,5,13
1/25/2018,2,5,13
1/26/2018,2,5,20
1/27/2018,2,5,25
1/28/2018,2,5,10
1/29/2018,2,5,14
1/30/2018,2,5,15
1/31/2018,2,5,16
2/1/2018,2,5,19
2/2/2018,2,5,10
2/3/2018,2,5,19
2/4/2018,2,5,17
2/5/2018,2,5,13
2/6/2018,2,5,8
2/7/2018,2,5,17
2/8/2018,2,5,10
2/9/2018,2,5,16
2/10/2018,2,5,16
2/11/2018,2,5,9
2/12/2018,2,5,16
2/13/2018,2,5,16
2/14/2018,2,5,13
2/15/2018,2,5,15
2/16/2018,2,5,16
2/17/2018,2,5,15
2/18/2018,2,5,12
2/19/2018,2,5,20
2/20/2018,2,5,14
2/21/2018,2,5,15
2/22/2018,2,5,21
2/23/2018,2,5,18
2/24/2018,2,5,25
2/25/2018,2,5,10
2/26/2018,2,5,10
2/27/2018,2,5,8
2/28/2018,2,5,14
3/1/2018,2,5,12
3/2/2018,2,5,19
3/3/2018,2,5,20
3/4/2018,2,5,18
3/5/2018,2,5,13
3/6/2018,2,5,20
3/7/2018,2,5,17
3/8/2018,2,5,11
3/9/2018,2,5,21
3/10/2018,2,5,21
3/11/2018,2,5,11
3/12/2018,2,5,21
3/13/2018,2,5,14
3/14/2018,2,5,24
3/15/2018,2,5,19
3/16/2018,2,5,21
3/17/2018,2,5,19
3/18/2018,2,5,19
3/19/2018,2,5,20
3/20/2018,2,5,11
3/21/2018,2,5,21
3/22/2018,2,5,19
3/23/2018,2,5,17
3/24/2018,2,5,20
3/25/2018,2,5,18
3/26/2018,2,5,20
3/27/2018,2,5,15
3/28/2018,2,5,18
3/29/2018,2,5,18
3/30/2018,2,5,22
3/31/2018,2,5,26
4/1/2018,2,5,20
4/2/2018,2,5,23
4/3/2018,2,5,18
4/4/2018,2,5,11
4/5/2018,2,5,19
4/6/2018,2,5,20
4/7/2018,2,5,28
4/8/2018,2,5,25
4/9/2018,2,5,11
4/10/2018,2,5,12
4/11/2018,2,5,20
4/12/2018,2,5,20
4/13/2018,2,5,18
4/14/2018,2,5,27
4/15/2018,2,5,13
4/16/2018,2,5,10
4/17/2018,2,5,16
4/18/2018,2,5,15
4/19/2018,2,5,28
4/20/2018,2,5,25
4/21/2018,2,5,20
4/22/2018,2,5,18
4/23/2018,2,5,20
4/24/2018,2,5,15
4/25/2018,2,5,17
4/26/2018,2,5,23
4/27/2018,2,5,20
4/28/2018,2,5,38
4/29/2018,2,5,16
4/30/2018,2,5,15
5/1/2018,2,5,20
5/2/2018,2,5,23
5/3/2018,2,5,22
5/4/2018,2,5,23
5/5/2018,2,5,22
5/6/2018,2,5,21
5/7/2018,2,5,21
5/8/2018,2,5,17
5/9/2018,2,5,16
5/10/2018,2,5,20
5/11/2018,2,5,26
5/12/2018,2,5,19
5/13/2018,2,5,16
5/14/2018,2,5,12
5/15/2018,2,5,28
5/16/2018,2,5,21
5/17/2018,2,5,23
5/18/2018,2,5,29
5/19/2018,2,5,24
5/20/2018,2,5,11
5/21/2018,2,5,17
5/22/2018,2,5,22
5/23/2018,2,5,27
5/24/2018,2,5,22
5/25/2018,2,5,26
5/26/2018,2,5,24
5/27/2018,2,5,24
5/28/2018,2,5,23
5/29/2018,2,5,36
5/30/2018,2,5,25
5/31/2018,2,5,26
6/1/2018,2,5,28
6/2/2018,2,5,41
6/3/2018,2,5,22
6/4/2018,2,5,17
6/5/2018,2,5,22
6/6/2018,2,5,17
6/7/2018,2,5,22
6/8/2018,2,5,27
6/9/2018,2,5,34
6/10/2018,2,5,17
6/11/2018,2,5,38
6/12/2018,2,5,21
6/13/2018,2,5,16
6/14/2018,2,5,25
6/15/2018,2,5,32
6/16/2018,2,5,32
6/17/2018,2,5,9
6/18/2018,2,5,22
6/19/2018,2,5,16
6/20/2018,2,5,28
6/21/2018,2,5,25
6/22/2018,2,5,21
6/23/2018,2,5,34
6/24/2018,2,5,17
6/25/2018,2,5,23
6/26/2018,2,5,28
6/27/2018,2,5,24
6/28/2018,2,5,27
6/29/2018,2,5,22
6/30/2018,2,5,28
7/1/2018,2,5,17
7/2/2018,2,5,26
7/3/2018,2,5,27
7/4/2018,2,5,28
7/5/2018,2,5,24
7/6/2018,2,5,26
7/7/2018,2,5,34
7/8/2018,2,5,11
7/9/2018,2,5,23
7/10/2018,2,5,21
7/11/2018,2,5,25
7/12/2018,2,5,19
7/13/2018,2,5,27
7/14/2018,2,5,40
7/15/2018,2,5,21
7/16/2018,2,5,15
7/17/2018,2,5,24
7/18/2018,2,5,25
7/19/2018,2,5,34
7/20/2018,2,5,24
7/21/2018,2,5,22
7/22/2018,2,5,21
7/23/2018,2,5,23
7/24/2018,2,5,26
7/25/2018,2,5,28
7/26/2018,2,5,18
7/27/2018,2,5,28
7/28/2018,2,5,33
7/29/2018,2,5,18
7/30/2018,2,5,17
7/31/2018,2,5,23
8/1/2018,2,5,27
8/2/2018,2,5,23
8/3/2018,2,5,25
8/4/2018,2,5,24
8/5/2018,2,5,16
8/6/2018,2,5,23
8/7/2018,2,5,19
8/8/2018,2,5,31
8/9/2018,2,5,25
8/10/2018,2,5,30
8/11/2018,2,5,29
8/12/2018,2,5,14
8/13/2018,2,5,11
8/14/2018,2,5,24
8/15/2018,2,5,22
8/16/2018,2,5,24
8/17/2018,2,5,25
8/18/2018,2,5,21
8/19/2018,2,5,10
8/20/2018,2,5,22
8/21/2018,2,5,28
8/22/2018,2,5,22
8/23/2018,2,5,24
8/24/2018,2,5,23
8/25/2018,2,5,25
8/26/2018,2,5,9
8/27/2018,2,5,18
8/28/2018,2,5,14
8/29/2018,2,5,17
8/30/2018,2,5,23
8/31/2018,2,5,34
9/1/2018,2,5,26
9/2/2018,2,5,16
9/3/2018,2,5,12
9/4/2018,2,5,10
9/5/2018,2,5,21
9/6/2018,2,5,22
9/7/2018,2,5,23
9/8/2018,2,5,19
9/9/2018,2,5,16
9/10/2018,2,5,23
9/11/2018,2,5,27
9/12/2018,2,5,16
9/13/2018,2,5,21
9/14/2018,2,5,26
9/15/2018,2,5,29
9/16/2018,2,5,13
9/17/2018,2,5,17
9/18/2018,2,5,18
9/19/2018,2,5,22
9/20/2018,2,5,19
9/21/2018,2,5,34
9/22/2018,2,5,28
9/23/2018,2,5,19
9/24/2018,2,5,19
9/25/2018,2,5,15
9/26/2018,2,5,10
9/27/2018,2,5,18
9/28/2018,2,5,24
9/29/2018,2,5,26
9/30/2018,2,5,12
10/1/2018,2,5,12
10/2/2018,2,5,16
10/3/2018,2,5,21
10/4/2018,2,5,26
10/5/2018,2,5,19
10/6/2018,2,5,21
10/7/2018,2,5,17
10/8/2018,2,5,10
10/9/2018,2,5,16
10/10/2018,2,5,24
10/11/2018,2,5,22
10/12/2018,2,5,18
10/13/2018,2,5,23
10/14/2018,2,5,19
10/15/2018,2,5,16
10/16/2018,2,5,20
10/17/2018,2,5,15
10/18/2018,2,5,28
10/19/2018,2,5,15
10/20/2018,2,5,24
10/21/2018,2,5,14
10/22/2018,2,5,22
10/23/2018,2,5,18
10/24/2018,2,5,21
10/25/2018,2,5,17
10/26/2018,2,5,23
10/27/2018,2,5,18
10/28/2018,2,5,18
10/29/2018,2,5,19
10/30/2018,2,5,19
10/31/2018,2,5,17
11/1/2018,2,5,26
11/2/2018,2,5,17
11/3/2018,2,5,25
11/4/2018,2,5,23
11/5/2018,2,5,19
11/6/2018,2,5,18
11/7/2018,2,5,23
11/8/2018,2,5,24
11/9/2018,2,5,23
11/10/2018,2,5,28
11/11/2018,2,5,16
11/12/2018,2,5,17
11/13/2018,2,5,17
11/14/2018,2,5,26
11/15/2018,2,5,24
11/16/2018,2,5,21
11/17/2018,2,5,16
11/18/2018,2,5,14
11/19/2018,2,5,18
11/20/2018,2,5,25
11/21/2018,2,5,15
11/22/2018,2,5,18
11/23/2018,2,5,24
11/24/2018,2,5,22
11/25/2018,2,5,25
11/26/2018,2,5,13
11/27/2018,2,5,24
11/28/2018,2,5,18
11/29/2018,2,5,20
11/30/2018,2,5,16
12/1/2018,2,5,21
12/2/2018,2,5,9
12/3/2018,2,5,12
12/4/2018,2,5,15
12/5/2018,2,5,11
12/6/2018,2,5,13
12/7/2018,2,5,14
12/8/2018,2,5,12
12/9/2018,2,5,14
12/10/2018,2,5,17
12/11/2018,2,5,10
12/12/2018,2,5,9
12/13/2018,2,5,7
12/14/2018,2,5,19
12/15/2018,2,5,20
12/16/2018,2,5,12
12/17/2018,2,5,10
12/18/2018,2,5,12
12/19/2018,2,5,18
12/20/2018,2,5,15
12/21/2018,2,5,24
12/22/2018,2,5,15
12/23/2018,2,5,3
12/24/2018,2,5,11
12/25/2018,2,5,12
12/26/2018,2,5,15
12/27/2018,2,5,14
12/28/2018,2,5,27
12/29/2018,2,5,12
12/30/2018,2,5,16
12/31/2018,2,5,16
1/1/2019,2,5,6
1/2/2019,2,5,21
1/3/2019,2,5,11
1/4/2019,2,5,12
1/5/2019,2,5,33
1/6/2019,2,5,12
1/7/2019,2,5,21
1/8/2019,2,5,17
1/9/2019,2,5,14
1/10/2019,2,5,12
1/11/2019,2,5,20
1/12/2019,2,5,17
1/13/2019,2,5,14
1/14/2019,2,5,13
1/15/2019,2,5,11
1/16/2019,2,5,17
1/17/2019,2,5,14
1/18/2019,2,5,23
1/19/2019,2,5,30
1/20/2019,2,5,9
1/21/2019,2,5,16
1/22/2019,2,5,15
1/23/2019,2,5,18
1/24/2019,2,5,20
1/25/2019,2,5,18
1/26/2019,2,5,18
1/27/2019,2,5,11
1/28/2019,2,5,16
1/29/2019,2,5,11
1/30/2019,2,5,16
1/31/2019,2,5,21
2/1/2019,2,5,24
2/2/2019,2,5,24
2/3/2019,2,5,14
2/4/2019,2,5,15
2/5/2019,2,5,13
2/6/2019,2,5,12
2/7/2019,2,5,22
2/8/2019,2,5,19
2/9/2019,2,5,24
2/10/2019,2,5,6
2/11/2019,2,5,15
2/12/2019,2,5,11
2/13/2019,2,5,11
2/14/2019,2,5,18
2/15/2019,2,5,15
2/16/2019,2,5,15
2/17/2019,2,5,13
2/18/2019,2,5,12
2/19/2019,2,5,14
2/20/2019,2,5,16
2/21/2019,2,5,22
2/22/2019,2,5,21
2/23/2019,2,5,16
2/24/2019,2,5,13
2/25/2019,2,5,16
2/26/2019,2,5,22
2/27/2019,2,5,16
2/28/2019,2,5,24
3/1/2019,2,5,24
3/2/2019,2,5,20
3/3/2019,2,5,11
3/4/2019,2,5,23
3/5/2019,2,5,24
3/6/2019,2,5,21
3/7/2019,2,5,20
3/8/2019,2,5,22
3/9/2019,2,5,26
3/10/2019,2,5,18
3/11/2019,2,5,15
3/12/2019,2,5,22
3/13/2019,2,5,29
3/14/2019,2,5,21
3/15/2019,2,5,22
3/16/2019,2,5,15
3/17/2019,2,5,13
3/18/2019,2,5,20
3/19/2019,2,5,17
3/20/2019,2,5,19
3/21/2019,2,5,15
3/22/2019,2,5,20
3/23/2019,2,5,23
3/24/2019,2,5,15
3/25/2019,2,5,20
3/26/2019,2,5,15
3/27/2019,2,5,17
3/28/2019,2,5,25
3/29/2019,2,5,30
3/30/2019,2,5,29
3/31/2019,2,5,18
4/1/2019,2,5,21
4/2/2019,2,5,19
4/3/2019,2,5,25
4/4/2019,2,5,32
4/5/2019,2,5,28
4/6/2019,2,5,31
4/7/2019,2,5,12
4/8/2019,2,5,19
4/9/2019,2,5,21
4/10/2019,2,5,27
4/11/2019,2,5,27
4/12/2019,2,5,26
4/13/2019,2,5,32
4/14/2019,2,5,13
4/15/2019,2,5,24
4/16/2019,2,5,22
4/17/2019,2,5,23
4/18/2019,2,5,30
4/19/2019,2,5,20
4/20/2019,2,5,30
4/21/2019,2,5,23
4/22/2019,2,5,18
4/23/2019,2,5,26
4/24/2019,2,5,26
4/25/2019,2,5,33
4/26/2019,2,5,27
4/27/2019,2,5,32
4/28/2019,2,5,17
4/29/2019,2,5,22
4/30/2019,2,5,18
5/1/2019,2,5,29
5/2/2019,2,5,25
5/3/2019,2,5,33
5/4/2019,2,5,42
5/5/2019,2,5,21
5/6/2019,2,5,30
5/7/2019,2,5,21
5/8/2019,2,5,24
5/9/2019,2,5,25
5/10/2019,2,5,26
5/11/2019,2,5,35
5/12/2019,2,5,23
5/13/2019,2,5,17
5/14/2019,2,5,34
5/15/2019,2,5,30
5/16/2019,2,5,31
5/17/2019,2,5,36
5/18/2019,2,5,42
5/19/2019,2,5,17
5/20/2019,2,5,39
5/21/2019,2,5,28
5/22/2019,2,5,25
5/23/2019,2,5,24
5/24/2019,2,5,26
5/25/2019,2,5,33
5/26/2019,2,5,19
5/27/2019,2,5,24
5/28/2019,2,5,19
5/29/2019,2,5,28
5/30/2019,2,5,36
5/31/2019,2,5,35
6/1/2019,2,5,30
6/2/2019,2,5,27
6/3/2019,2,5,28
6/4/2019,2,5,19
6/5/2019,2,5,26
6/6/2019,2,5,32
6/7/2019,2,5,30
6/8/2019,2,5,31
6/9/2019,2,5,19
6/10/2019,2,5,27
6/11/2019,2,5,29
6/12/2019,2,5,27
6/13/2019,2,5,20
6/14/2019,2,5,24
6/15/2019,2,5,45
6/16/2019,2,5,21
6/17/2019,2,5,28
6/18/2019,2,5,27
6/19/2019,2,5,19
6/20/2019,2,5,21
6/21/2019,2,5,39
6/22/2019,2,5,32
6/23/2019,2,5,11
6/24/2019,2,5,29
6/25/2019,2,5,22
6/26/2019,2,5,25
6/27/2019,2,5,23
6/28/2019,2,5,23
6/29/2019,2,5,30
6/30/2019,2,5,17
7/1/2019,2,5,31
7/2/2019,2,5,22
7/3/2019,2,5,24
7/4/2019,2,5,38
7/5/2019,2,5,29
7/6/2019,2,5,31
7/7/2019,2,5,17
7/8/2019,2,5,36
7/9/2019,2,5,30
7/10/2019,2,5,29
7/11/2019,2,5,34
7/12/2019,2,5,37
7/13/2019,2,5,19
7/14/2019,2,5,29
7/15/2019,2,5,35
7/16/2019,2,5,22
7/17/2019,2,5,32
7/18/2019,2,5,33
7/19/2019,2,5,22
7/20/2019,2,5,28
7/21/2019,2,5,26
7/22/2019,2,5,19
7/23/2019,2,5,22
7/24/2019,2,5,23
7/25/2019,2,5,27
7/26/2019,2,5,35
7/27/2019,2,5,33
7/28/2019,2,5,16
7/29/2019,2,5,20
7/30/2019,2,5,31
7/31/2019,2,5,28
8/1/2019,2,5,21
8/2/2019,2,5,20
8/3/2019,2,5,27
8/4/2019,2,5,21
8/5/2019,2,5,23
8/6/2019,2,5,22
8/7/2019,2,5,29
8/8/2019,2,5,28
8/9/2019,2,5,23
8/10/2019,2,5,28
8/11/2019,2,5,23
8/12/2019,2,5,17
8/13/2019,2,5,16
8/14/2019,2,5,24
8/15/2019,2,5,28
8/16/2019,2,5,32
8/17/2019,2,5,37
8/18/2019,2,5,22
8/19/2019,2,5,20
8/20/2019,2,5,23
8/21/2019,2,5,17
8/22/2019,2,5,23
8/23/2019,2,5,28
8/24/2019,2,5,40
8/25/2019,2,5,20
8/26/2019,2,5,23
8/27/2019,2,5,27
8/28/2019,2,5,20
8/29/2019,2,5,30
8/30/2019,2,5,26
8/31/2019,2,5,30
9/1/2019,2,5,13
9/2/2019,2,5,18
9/3/2019,2,5,12
9/4/2019,2,5,30
9/5/2019,2,5,28
9/6/2019,2,5,24
9/7/2019,2,5,28
9/8/2019,2,5,20
9/9/2019,2,5,20
9/10/2019,2,5,28
9/11/2019,2,5,24
9/12/2019,2,5,26
9/13/2019,2,5,33
9/14/2019,2,5,29
9/15/2019,2,5,25
9/16/2019,2,5,18
9/17/2019,2,5,26
9/18/2019,2,5,15
9/19/2019,2,5,28
9/20/2019,2,5,26
9/21/2019,2,5,31
9/22/2019,2,5,19
9/23/2019,2,5,21
9/24/2019,2,5,23
9/25/2019,2,5,25
9/26/2019,2,5,19
9/27/2019,2,5,20
9/28/2019,2,5,43
9/29/2019,2,5,19
9/30/2019,2,5,24
10/1/2019,2,5,20
10/2/2019,2,5,24
10/3/2019,2,5,34
10/4/2019,2,5,27
10/5/2019,2,5,26
10/6/2019,2,5,24
10/7/2019,2,5,19
10/8/2019,2,5,18
10/9/2019,2,5,19
10/10/2019,2,5,18
10/11/2019,2,5,24
10/12/2019,2,5,17
10/13/2019,2,5,19
10/14/2019,2,5,9
10/15/2019,2,5,17
10/16/2019,2,5,9
10/17/2019,2,5,17
10/18/2019,2,5,16
10/19/2019,2,5,28
10/20/2019,2,5,18
10/21/2019,2,5,14
10/22/2019,2,5,14
10/23/2019,2,5,28
10/24/2019,2,5,29
10/25/2019,2,5,29
10/26/2019,2,5,29
10/27/2019,2,5,18
10/28/2019,2,5,25
10/29/2019,2,5,24
10/30/2019,2,5,23
10/31/2019,2,5,21
11/1/2019,2,5,30
11/2/2019,2,5,28
11/3/2019,2,5,22
11/4/2019,2,5,18
11/5/2019,2,5,25
11/6/2019,2,5,39
11/7/2019,2,5,29
11/8/2019,2,5,28
11/9/2019,2,5,32
11/10/2019,2,5,9
11/11/2019,2,5,20
11/12/2019,2,5,19
11/13/2019,2,5,23
11/14/2019,2,5,18
11/15/2019,2,5,26
11/16/2019,2,5,29
11/17/2019,2,5,11
11/18/2019,2,5,30
11/19/2019,2,5,23
11/20/2019,2,5,29
11/21/2019,2,5,21
11/22/2019,2,5,22
11/23/2019,2,5,25
11/24/2019,2,5,24
11/25/2019,2,5,25
11/26/2019,2,5,18
11/27/2019,2,5,27
11/28/2019,2,5,27
11/29/2019,2,5,21
11/30/2019,2,5,28
12/1/2019,2,5,7
12/2/2019,2,5,11
12/3/2019,2,5,17
12/4/2019,2,5,17
12/5/2019,2,5,23
12/6/2019,2,5,11
12/7/2019,2,5,17
12/8/2019,2,5,13
12/9/2019,2,5,20
12/10/2019,2,5,23
12/11/2019,2,5,15
12/12/2019,2,5,23
12/13/2019,2,5,21
12/14/2019,2,5,22
12/15/2019,2,5,15
12/16/2019,2,5,15
12/17/2019,2,5,22
12/18/2019,2,5,15
12/19/2019,2,5,13
12/20/2019,2,5,26
12/21/2019,2,5,26
12/22/2019,2,5,16
12/23/2019,2,5,17
12/24/2019,2,5,15
12/25/2019,2,5,18
12/26/2019,2,5,20
12/27/2019,2,5,17
12/28/2019,2,5,22
12/29/2019,2,5,9
12/30/2019,2,5,13
12/31/2019,2,5,12
1/1/2020,2,5,14
1/2/2020,2,5,20
1/3/2020,2,5,22
1/4/2020,2,5,22
1/5/2020,2,5,12
1/6/2020,2,5,20
1/7/2020,2,5,15
1/8/2020,2,5,19
1/9/2020,2,5,20
1/10/2020,2,5,17
1/11/2020,2,5,22
1/12/2020,2,5,13
1/13/2020,2,5,12
1/14/2020,2,5,20
1/15/2020,2,5,13
1/16/2020,2,5,16
1/17/2020,2,5,7
1/18/2020,2,5,22
1/19/2020,2,5,14
1/20/2020,2,5,9
1/21/2020,2,5,15
1/22/2020,2,5,19
1/23/2020,2,5,15
1/24/2020,2,5,22
1/25/2020,2,5,13
1/26/2020,2,5,12
1/27/2020,2,5,12
1/28/2020,2,5,21
1/29/2020,2,5,23
1/30/2020,2,5,18
1/31/2020,2,5,18
2/1/2020,2,5,23
2/2/2020,2,5,19
2/3/2020,2,5,16
2/4/2020,2,5,17
2/5/2020,2,5,19
2/6/2020,2,5,24
2/7/2020,2,5,10
2/8/2020,2,5,25
2/9/2020,2,5,11
2/10/2020,2,5,19
2/11/2020,2,5,17
2/12/2020,2,5,16
2/13/2020,2,5,15
2/14/2020,2,5,30
2/15/2020,2,5,19
2/16/2020,2,5,13
2/17/2020,2,5,19
2/18/2020,2,5,17
2/19/2020,2,5,23
2/20/2020,2,5,12
2/21/2020,2,5,21
2/22/2020,2,5,19
2/23/2020,2,5,13
2/24/2020,2,5,18
2/25/2020,2,5,10
2/26/2020,2,5,16
2/27/2020,2,5,20
2/28/2020,2,5,19
3/1/2020,2,5,23
3/2/2020,2,5,15
3/3/2020,2,5,23
3/4/2020,2,5,18
3/5/2020,2,5,25
3/6/2020,2,5,23
3/7/2020,2,5,34
3/8/2020,2,5,28
3/9/2020,2,5,10
3/10/2020,2,5,24
3/11/2020,2,5,17
3/12/2020,2,5,26
3/13/2020,2,5,24
3/14/2020,2,5,28
3/15/2020,2,5,20
3/16/2020,2,5,16
3/17/2020,2,5,16
3/18/2020,2,5,20
3/19/2020,2,5,23
3/20/2020,2,5,27
3/21/2020,2,5,20
3/22/2020,2,5,32
3/23/2020,2,5,14
3/24/2020,2,5,15
3/25/2020,2,5,24
3/26/2020,2,5,18
3/27/2020,2,5,21
3/28/2020,2,5,25
3/29/2020,2,5,22
3/30/2020,2,5,8
3/31/2020,2,5,24
4/1/2020,2,5,13
4/2/2020,2,5,21
4/3/2020,2,5,33
4/4/2020,2,5,39
4/5/2020,2,5,39
4/6/2020,2,5,24
4/7/2020,2,5,23
4/8/2020,2,5,23
4/9/2020,2,5,20
4/10/2020,2,5,25
4/11/2020,2,5,31
4/12/2020,2,5,32
4/13/2020,2,5,22
4/14/2020,2,5,29
4/15/2020,2,5,21
4/16/2020,2,5,29
4/17/2020,2,5,23
4/18/2020,2,5,28
4/19/2020,2,5,36
4/20/2020,2,5,10
4/21/2020,2,5,26
4/22/2020,2,5,29
4/23/2020,2,5,21
4/24/2020,2,5,25
4/25/2020,2,5,25
4/26/2020,2,5,27
4/27/2020,2,5,16
4/28/2020,2,5,27
4/29/2020,2,5,20
4/30/2020,2,5,32
5/1/2020,2,5,34
5/2/2020,2,5,35
5/3/2020,2,5,30
5/4/2020,2,5,24
5/5/2020,2,5,21
5/6/2020,2,5,25
5/7/2020,2,5,24
5/8/2020,2,5,22
5/9/2020,2,5,31
5/10/2020,2,5,32
5/11/2020,2,5,19
5/12/2020,2,5,21
5/13/2020,2,5,21
5/14/2020,2,5,31
5/15/2020,2,5,25
5/16/2020,2,5,27
5/17/2020,2,5,32
5/18/2020,2,5,22
5/19/2020,2,5,28
5/20/2020,2,5,28
5/21/2020,2,5,22
5/22/2020,2,5,24
5/23/2020,2,5,34
5/24/2020,2,5,17
5/25/2020,2,5,11
5/26/2020,2,5,16
5/27/2020,2,5,23
5/28/2020,2,5,23
5/29/2020,2,5,28
5/30/2020,2,5,24
5/31/2020,2,5,31
6/1/2020,2,5,19
6/2/2020,2,5,22
6/3/2020,2,5,25
6/4/2020,2,5,27
6/5/2020,2,5,28
6/6/2020,2,5,34
6/7/2020,2,5,29
6/8/2020,2,5,24
6/9/2020,2,5,23
6/10/2020,2,5,31
6/11/2020,2,5,36
6/12/2020,2,5,30
6/13/2020,2,5,28
6/14/2020,2,5,27
6/15/2020,2,5,17
6/16/2020,2,5,20
6/17/2020,2,5,27
6/18/2020,2,5,23
6/19/2020,2,5,34
6/20/2020,2,5,32
6/21/2020,2,5,38
6/22/2020,2,5,26
6/23/2020,2,5,35
6/24/2020,2,5,35
6/25/2020,2,5,35
6/26/2020,2,5,28
6/27/2020,2,5,36
6/28/2020,2,5,38
6/29/2020,2,5,22
6/30/2020,2,5,34
7/1/2020,2,5,36
7/2/2020,2,5,24
7/3/2020,2,5,36
7/4/2020,2,5,45
7/5/2020,2,5,41
7/6/2020,2,5,31
7/7/2020,2,5,19
7/8/2020,2,5,28
7/9/2020,2,5,31
7/10/2020,2,5,31
7/11/2020,2,5,27
7/12/2020,2,5,35
7/13/2020,2,5,28
7/14/2020,2,5,24
7/15/2020,2,5,21
7/16/2020,2,5,34
7/17/2020,2,5,26
7/18/2020,2,5,34
7/19/2020,2,5,36
7/20/2020,2,5,19
7/21/2020,2,5,29
7/22/2020,2,5,25
7/23/2020,2,5,29
7/24/2020,2,5,32
7/25/2020,2,5,38
7/26/2020,2,5,42
7/27/2020,2,5,23
7/28/2020,2,5,29
7/29/2020,2,5,38
7/30/2020,2,5,35
7/31/2020,2,5,28
8/1/2020,2,5,30
8/2/2020,2,5,29
8/3/2020,2,5,22
8/4/2020,2,5,21
8/5/2020,2,5,27
8/6/2020,2,5,20
8/7/2020,2,5,32
8/8/2020,2,5,34
8/9/2020,2,5,34
8/10/2020,2,5,18
8/11/2020,2,5,15
8/12/2020,2,5,21
8/13/2020,2,5,35
8/14/2020,2,5,28
8/15/2020,2,5,29
8/16/2020,2,5,30
8/17/2020,2,5,19
8/18/2020,2,5,26
8/19/2020,2,5,16
8/20/2020,2,5,27
8/21/2020,2,5,27
8/22/2020,2,5,20
8/23/2020,2,5,29
8/24/2020,2,5,17
8/25/2020,2,5,27
8/26/2020,2,5,24
8/27/2020,2,5,24
8/28/2020,2,5,39
8/29/2020,2,5,27
8/30/2020,2,5,27
8/31/2020,2,5,20
9/1/2020,2,5,24
9/2/2020,2,5,15
9/3/2020,2,5,23
9/4/2020,2,5,30
9/5/2020,2,5,26
9/6/2020,2,5,26
9/7/2020,2,5,22
9/8/2020,2,5,20
9/9/2020,2,5,21
9/10/2020,2,5,20
9/11/2020,2,5,21
9/12/2020,2,5,30
9/13/2020,2,5,33
9/14/2020,2,5,19
9/15/2020,2,5,24
9/16/2020,2,5,31
9/17/2020,2,5,30
9/18/2020,2,5,28
9/19/2020,2,5,32
9/20/2020,2,5,31
9/21/2020,2,5,18
9/22/2020,2,5,29
9/23/2020,2,5,22
9/24/2020,2,5,27
9/25/2020,2,5,37
9/26/2020,2,5,22
9/27/2020,2,5,44
9/28/2020,2,5,23
9/29/2020,2,5,25
9/30/2020,2,5,22
10/1/2020,2,5,20
10/2/2020,2,5,16
10/3/2020,2,5,22
10/4/2020,2,5,28
10/5/2020,2,5,12
10/6/2020,2,5,22
10/7/2020,2,5,21
10/8/2020,2,5,15
10/9/2020,2,5,21
10/10/2020,2,5,24
10/11/2020,2,5,36
10/12/2020,2,5,28
10/13/2020,2,5,21
10/14/2020,2,5,22
10/15/2020,2,5,25
10/16/2020,2,5,14
10/17/2020,2,5,28
10/18/2020,2,5,21
10/19/2020,2,5,14
10/20/2020,2,5,16
10/21/2020,2,5,20
10/22/2020,2,5,40
10/23/2020,2,5,24
10/24/2020,2,5,22
10/25/2020,2,5,30
10/26/2020,2,5,11
10/27/2020,2,5,22
10/28/2020,2,5,23
10/29/2020,2,5,27
10/30/2020,2,5,25
10/31/2020,2,5,26
11/1/2020,2,5,37
11/2/2020,2,5,24
11/3/2020,2,5,19
11/4/2020,2,5,21
11/5/2020,2,5,32
11/6/2020,2,5,23
11/7/2020,2,5,26
11/8/2020,2,5,34
11/9/2020,2,5,16
11/10/2020,2,5,23
11/11/2020,2,5,26
11/12/2020,2,5,24
11/13/2020,2,5,30
11/14/2020,2,5,26
11/15/2020,2,5,34
11/16/2020,2,5,11
11/17/2020,2,5,17
11/18/2020,2,5,17
11/19/2020,2,5,19
11/20/2020,2,5,18
11/21/2020,2,5,28
11/22/2020,2,5,38
11/23/2020,2,5,20
11/24/2020,2,5,28
11/25/2020,2,5,21
11/26/2020,2,5,21
11/27/2020,2,5,23
11/28/2020,2,5,39
11/29/2020,2,5,28
11/30/2020,2,5,17
12/1/2020,2,5,24
12/2/2020,2,5,17
12/3/2020,2,5,17
12/4/2020,2,5,18
12/5/2020,2,5,24
12/6/2020,2,5,21
12/7/2020,2,5,17
12/8/2020,2,5,22
12/9/2020,2,5,23
12/10/2020,2,5,17
12/11/2020,2,5,20
12/12/2020,2,5,26
12/13/2020,2,5,24
12/14/2020,2,5,11
12/15/2020,2,5,13
12/16/2020,2,5,19
12/17/2020,2,5,19
12/18/2020,2,5,12
12/19/2020,2,5,25
12/20/2020,2,5,20
12/21/2020,2,5,12
12/22/2020,2,5,20
12/23/2020,2,5,18
12/24/2020,2,5,13
12/25/2020,2,5,19
12/26/2020,2,5,24
12/27/2020,2,5,23
12/28/2020,2,5,17
12/29/2020,2,5,18
12/30/2020,2,5,11
12/31/2020,2,5,17
1/1/2021,2,5,22
1/2/2021,2,5,22
1/3/2021,2,5,24
1/4/2021,2,5,11
1/5/2021,2,5,14
1/6/2021,2,5,14
1/7/2021,2,5,17
1/8/2021,2,5,16
1/9/2021,2,5,16
1/10/2021,2,5,8
1/11/2021,2,5,13
1/12/2021,2,5,11
1/13/2021,2,5,12
1/14/2021,2,5,15
1/15/2021,2,5,27
1/16/2021,2,5,19
1/17/2021,2,5,25
1/18/2021,2,5,16
1/19/2021,2,5,12
1/20/2021,2,5,14
1/21/2021,2,5,16
1/22/2021,2,5,20
1/23/2021,2,5,20
1/24/2021,2,5,17
1/25/2021,2,5,15
1/26/2021,2,5,13
1/27/2021,2,5,23
1/28/2021,2,5,19
1/29/2021,2,5,16
1/30/2021,2,5,12
1/31/2021,2,5,15
2/1/2021,2,5,12
2/2/2021,2,5,15
2/3/2021,2,5,15
2/4/2021,2,5,17
2/5/2021,2,5,24
2/6/2021,2,5,23
2/7/2021,2,5,19
2/8/2021,2,5,10
2/9/2021,2,5,23
2/10/2021,2,5,16
2/11/2021,2,5,19
2/12/2021,2,5,17
2/13/2021,2,5,17
2/14/2021,2,5,26
2/15/2021,2,5,21
2/16/2021,2,5,22
2/17/2021,2,5,24
2/18/2021,2,5,24
2/19/2021,2,5,20
2/20/2021,2,5,22
2/21/2021,2,5,22
2/22/2021,2,5,8
2/23/2021,2,5,24
2/24/2021,2,5,19
2/25/2021,2,5,24
2/26/2021,2,5,16
2/27/2021,2,5,20
2/28/2021,2,5,27
2/29/2021,2,5,16
3/1/2021,2,5,26
3/2/2021,2,5,10
3/3/2021,2,5,23
3/4/2021,2,5,31
3/5/2021,2,5,23
3/6/2021,2,5,27
3/7/2021,2,5,15
3/8/2021,2,5,19
3/9/2021,2,5,35
3/10/2021,2,5,22
3/11/2021,2,5,26
3/12/2021,2,5,28
3/13/2021,2,5,30
3/14/2021,2,5,18
3/15/2021,2,5,26
3/16/2021,2,5,18
3/17/2021,2,5,20
3/18/2021,2,5,28
3/19/2021,2,5,32
3/20/2021,2,5,29
3/21/2021,2,5,15
3/22/2021,2,5,30
3/23/2021,2,5,14
3/24/2021,2,5,31
3/25/2021,2,5,22
3/26/2021,2,5,23
3/27/2021,2,5,29
3/28/2021,2,5,19
3/29/2021,2,5,23
3/30/2021,2,5,23
3/31/2021,2,5,21
4/1/2021,2,5,27
4/2/2021,2,5,36
4/3/2021,2,5,32
4/4/2021,2,5,25
4/5/2021,2,5,34
4/6/2021,2,5,17
4/7/2021,2,5,21
4/8/2021,2,5,25
4/9/2021,2,5,31
4/10/2021,2,5,36
4/11/2021,2,5,16
4/12/2021,2,5,34
4/13/2021,2,5,23
4/14/2021,2,5,24
4/15/2021,2,5,24
4/16/2021,2,5,16
4/17/2021,2,5,37
4/18/2021,2,5,22
4/19/2021,2,5,17
4/20/2021,2,5,17
4/21/2021,2,5,26
4/22/2021,2,5,30
4/23/2021,2,5,37
4/24/2021,2,5,27
4/25/2021,2,5,17
4/26/2021,2,5,21
4/27/2021,2,5,21
4/28/2021,2,5,23
4/29/2021,2,5,33
4/30/2021,2,5,35
5/1/2021,2,5,30
5/2/2021,2,5,10
5/3/2021,2,5,35
5/4/2021,2,5,24
5/5/2021,2,5,36
5/6/2021,2,5,33
5/7/2021,2,5,36
5/8/2021,2,5,32
5/9/2021,2,5,22
5/10/2021,2,5,27
5/11/2021,2,5,31
5/12/2021,2,5,27
5/13/2021,2,5,35
5/14/2021,2,5,44
5/15/2021,2,5,28
5/16/2021,2,5,30
5/17/2021,2,5,34
5/18/2021,2,5,28
5/19/2021,2,5,40
5/20/2021,2,5,26
5/21/2021,2,5,23
5/22/2021,2,5,33
5/23/2021,2,5,32
5/24/2021,2,5,24
5/25/2021,2,5,21
5/26/2021,2,5,29
5/27/2021,2,5,32
5/28/2021,2,5,31
5/29/2021,2,5,40
5/30/2021,2,5,19
5/31/2021,2,5,18
6/1/2021,2,5,35
6/2/2021,2,5,39
6/3/2021,2,5,23
6/4/2021,2,5,44
6/5/2021,2,5,39
6/6/2021,2,5,29
6/7/2021,2,5,24
6/8/2021,2,5,27
6/9/2021,2,5,25
6/10/2021,2,5,28
6/11/2021,2,5,34
6/12/2021,2,5,47
6/13/2021,2,5,30
6/14/2021,2,5,31
6/15/2021,2,5,35
6/16/2021,2,5,33
6/17/2021,2,5,34
6/18/2021,2,5,33
6/19/2021,2,5,30
6/20/2021,2,5,36
6/21/2021,2,5,28
6/22/2021,2,5,26
6/23/2021,2,5,33
6/24/2021,2,5,41
6/25/2021,2,5,28
6/26/2021,2,5,33
6/27/2021,2,5,18
6/28/2021,2,5,20
6/29/2021,2,5,36
6/30/2021,2,5,44
7/1/2021,2,5,43
7/2/2021,2,5,38
7/3/2021,2,5,46
7/4/2021,2,5,25
7/5/2021,2,5,25
7/6/2021,2,5,29
7/7/2021,2,5,36
7/8/2021,2,5,37
7/9/2021,2,5,31
7/10/2021,2,5,44
7/11/2021,2,5,24
7/12/2021,2,5,29
7/13/2021,2,5,26
7/14/2021,2,5,32
7/15/2021,2,5,39
7/16/2021,2,5,32
7/17/2021,2,5,45
7/18/2021,2,5,23
7/19/2021,2,5,30
7/20/2021,2,5,29
7/21/2021,2,5,22
7/22/2021,2,5,40
7/23/2021,2,5,43
7/24/2021,2,5,45
7/25/2021,2,5,26
7/26/2021,2,5,27
7/27/2021,2,5,33
7/28/2021,2,5,41
7/29/2021,2,5,36
7/30/2021,2,5,36
7/31/2021,2,5,48
8/1/2021,2,5,19
8/2/2021,2,5,29
8/3/2021,2,5,24
8/4/2021,2,5,22
8/5/2021,2,5,29
8/6/2021,2,5,37
8/7/2021,2,5,34
8/8/2021,2,5,21
8/9/2021,2,5,27
8/10/2021,2,5,28
8/11/2021,2,5,31
8/12/2021,2,5,33
8/13/2021,2,5,40
8/14/2021,2,5,37
8/15/2021,2,5,19
8/16/2021,2,5,21
8/17/2021,2,5,19
8/18/2021,2,5,35
8/19/2021,2,5,31
8/20/2021,2,5,26
8/21/2021,2,5,27
8/22/2021,2,5,23
8/23/2021,2,5,24
8/24/2021,2,5,31
8/25/2021,2,5,23
8/26/2021,2,5,43
8/27/2021,2,5,32
8/28/2021,2,5,36
8/29/2021,2,5,28
8/30/2021,2,5,33
8/31/2021,2,5,28
9/1/2021,2,5,28
9/2/2021,2,5,28
9/3/2021,2,5,23
9/4/2021,2,5,30
9/5/2021,2,5,14
9/6/2021,2,5,21
9/7/2021,2,5,19
9/8/2021,2,5,24
9/9/2021,2,5,25
9/10/2021,2,5,24
9/11/2021,2,5,28
9/12/2021,2,5,28
9/13/2021,2,5,23
9/14/2021,2,5,21
9/15/2021,2,5,38
9/16/2021,2,5,29
9/17/2021,2,5,28
9/18/2021,2,5,37
9/19/2021,2,5,23
9/20/2021,2,5,19
9/21/2021,2,5,30
9/22/2021,2,5,31
9/23/2021,2,5,28
9/24/2021,2,5,34
9/25/2021,2,5,34
9/26/2021,2,5,16
9/27/2021,2,5,18
9/28/2021,2,5,26
9/29/2021,2,5,24
9/30/2021,2,5,26
10/1/2021,2,5,30
10/2/2021,2,5,26
10/3/2021,2,5,19
10/4/2021,2,5,31
10/5/2021,2,5,20
10/6/2021,2,5,17
10/7/2021,2,5,28
10/8/2021,2,5,21
10/9/2021,2,5,23
10/10/2021,2,5,27
10/11/2021,2,5,29
10/12/2021,2,5,28
10/13/2021,2,5,29
10/14/2021,2,5,23
10/15/2021,2,5,29
10/16/2021,2,5,17
10/17/2021,2,5,15
10/18/2021,2,5,12
10/19/2021,2,5,27
10/20/2021,2,5,20
10/21/2021,2,5,20
10/22/2021,2,5,36
10/23/2021,2,5,38
10/24/2021,2,5,17
10/25/2021,2,5,23
10/26/2021,2,5,11
10/27/2021,2,5,27
10/28/2021,2,5,25
10/29/2021,2,5,33
10/30/2021,2,5,41
10/31/2021,2,5,21
11/1/2021,2,5,19
11/2/2021,2,5,26
11/3/2021,2,5,27
11/4/2021,2,5,31
11/5/2021,2,5,36
11/6/2021,2,5,32
11/7/2021,2,5,26
11/8/2021,2,5,26
11/9/2021,2,5,34
11/10/2021,2,5,28
11/11/2021,2,5,31
11/12/2021,2,5,32
11/13/2021,2,5,33
11/14/2021,2,5,24
11/15/2021,2,5,27
11/16/2021,2,5,21
11/17/2021,2,5,32
11/18/2021,2,5,21
11/19/2021,2,5,33
11/20/2021,2,5,37
11/21/2021,2,5,23
11/22/2021,2,5,29
11/23/2021,2,5,18
11/24/2021,2,5,27
11/25/2021,2,5,27
11/26/2021,2,5,40
11/27/2021,2,5,32
11/28/2021,2,5,26
11/29/2021,2,5,23
11/30/2021,2,5,23
12/1/2021,2,5,19
12/2/2021,2,5,13
12/3/2021,2,5,26
12/4/2021,2,5,19
12/5/2021,2,5,10
12/6/2021,2,5,19
12/7/2021,2,5,19
12/8/2021,2,5,21
12/9/2021,2,5,30
12/10/2021,2,5,20
12/11/2021,2,5,15
12/12/2021,2,5,15
12/13/2021,2,5,16
12/14/2021,2,5,14
12/15/2021,2,5,18
12/16/2021,2,5,12
12/17/2021,2,5,23
12/18/2021,2,5,20
12/19/2021,2,5,9
12/20/2021,2,5,23
12/21/2021,2,5,19
12/22/2021,2,5,15
12/23/2021,2,5,18
12/24/2021,2,5,29
12/25/2021,2,5,16
12/26/2021,2,5,16
12/27/2021,2,5,16
12/28/2021,2,5,22
12/29/2021,2,5,22
12/30/2021,2,5,20
12/31/2021,2,5,29
1/1/2022,2,5,24
1/2/2022,2,5,8
1/3/2022,2,5,18
1/4/2022,2,5,23
1/5/2022,2,5,19
1/6/2022,2,5,16
1/7/2022,2,5,13
1/8/2022,2,5,18
1/9/2022,2,5,16
1/10/2022,2,5,20
1/11/2022,2,5,14
1/12/2022,2,5,14
1/13/2022,2,5,16
1/14/2022,2,5,13
1/15/2022,2,5,28
1/16/2022,2,5,17
1/17/2022,2,5,22
1/18/2022,2,5,24
1/19/2022,2,5,23
1/20/2022,2,5,27
1/21/2022,2,5,21
1/22/2022,2,5,25
1/23/2022,2,5,16
1/24/2022,2,5,21
1/25/2022,2,5,17
1/26/2022,2,5,14
1/27/2022,2,5,17
1/28/2022,2,5,27
1/29/2022,2,5,20
1/30/2022,2,5,17
1/31/2022,2,5,18
2/1/2022,2,5,19
2/2/2022,2,5,25
2/3/2022,2,5,18
2/4/2022,2,5,21
2/5/2022,2,5,34
2/6/2022,2,5,13
2/7/2022,2,5,22
2/8/2022,2,5,18
2/9/2022,2,5,15
2/10/2022,2,5,22
2/11/2022,2,5,13
2/12/2022,2,5,21
2/13/2022,2,5,17
2/14/2022,2,5,19
2/15/2022,2,5,21
2/16/2022,2,5,13
2/17/2022,2,5,22
2/18/2022,2,5,23
2/19/2022,2,5,28
2/20/2022,2,5,6
2/21/2022,2,5,12
2/22/2022,2,5,14
2/23/2022,2,5,24
2/24/2022,2,5,17
2/25/2022,2,5,29
2/26/2022,2,5,16
2/27/2022,2,5,13
2/28/2022,2,5,12
3/1/2022,2,5,20
3/2/2022,2,5,9
3/3/2022,2,5,29
3/4/2022,2,5,35
3/5/2022,2,5,27
3/6/2022,2,5,14
3/7/2022,2,5,19
3/8/2022,2,5,30
3/9/2022,2,5,26
3/10/2022,2,5,25
3/11/2022,2,5,21
3/12/2022,2,5,28
3/13/2022,2,5,14
3/14/2022,2,5,13
3/15/2022,2,5,23
3/16/2022,2,5,17
3/17/2022,2,5,27
3/18/2022,2,5,24
3/19/2022,2,5,32
3/20/2022,2,5,18
3/21/2022,2,5,21
3/22/2022,2,5,29
3/23/2022,2,5,27
3/24/2022,2,5,23
3/25/2022,2,5,38
3/26/2022,2,5,24
3/27/2022,2,5,12
3/28/2022,2,5,26
3/29/2022,2,5,24
3/30/2022,2,5,23
3/31/2022,2,5,25
4/1/2022,2,5,27
4/2/2022,2,5,32
4/3/2022,2,5,20
4/4/2022,2,5,28
4/5/2022,2,5,24
4/6/2022,2,5,26
4/7/2022,2,5,36
4/8/2022,2,5,27
4/9/2022,2,5,33
4/10/2022,2,5,22
4/11/2022,2,5,21
4/12/2022,2,5,25
4/13/2022,2,5,35
4/14/2022,2,5,25
4/15/2022,2,5,29
4/16/2022,2,5,32
4/17/2022,2,5,18
4/18/2022,2,5,28
4/19/2022,2,5,38
4/20/2022,2,5,15
4/21/2022,2,5,35
4/22/2022,2,5,22
4/23/2022,2,5,46
4/24/2022,2,5,32
4/25/2022,2,5,24
4/26/2022,2,5,29
4/27/2022,2,5,25
4/28/2022,2,5,31
4/29/2022,2,5,34
4/30/2022,2,5,28
5/1/2022,2,5,22
5/2/2022,2,5,23
5/3/2022,2,5,34
5/4/2022,2,5,32
5/5/2022,2,5,43
5/6/2022,2,5,31
5/7/2022,2,5,35
5/8/2022,2,5,17
5/9/2022,2,5,29
5/10/2022,2,5,22
5/11/2022,2,5,34
5/12/2022,2,5,39
5/13/2022,2,5,29
5/14/2022,2,5,38
5/15/2022,2,5,33
5/16/2022,2,5,21
5/17/2022,2,5,34
5/18/2022,2,5,33
5/19/2022,2,5,27
5/20/2022,2,5,30
5/21/2022,2,5,41
5/22/2022,2,5,18
5/23/2022,2,5,28
5/24/2022,2,5,27
5/25/2022,2,5,27
5/26/2022,2,5,38
5/27/2022,2,5,30
5/28/2022,2,5,36
5/29/2022,2,5,25
5/30/2022,2,5,31
5/31/2022,2,5,29
6/1/2022,2,5,31
6/2/2022,2,5,32
6/3/2022,2,5,42
6/4/2022,2,5,44
6/5/2022,2,5,23
6/6/2022,2,5,22
6/7/2022,2,5,36
6/8/2022,2,5,33
6/9/2022,2,5,45
6/10/2022,2,5,41
6/11/2022,2,5,43
6/12/2022,2,5,21
6/13/2022,2,5,30
6/14/2022,2,5,28
6/15/2022,2,5,25
6/16/2022,2,5,46
6/17/2022,2,5,31
6/18/2022,2,5,36
6/19/2022,2,5,19
6/20/2022,2,5,22
6/21/2022,2,5,25
6/22/2022,2,5,30
6/23/2022,2,5,35
6/24/2022,2,5,28
6/25/2022,2,5,43
6/26/2022,2,5,30
6/27/2022,2,5,30
6/28/2022,2,5,28
6/29/2022,2,5,36
6/30/2022,2,5,26
7/1/2022,2,5,34
7/2/2022,2,5,45
7/3/2022,2,5,30
7/4/2022,2,5,38
7/5/2022,2,5,24
7/6/2022,2,5,34
7/7/2022,2,5,46
7/8/2022,2,5,29
7/9/2022,2,5,49
7/10/2022,2,5,23
7/11/2022,2,5,39
7/12/2022,2,5,41
7/13/2022,2,5,28
7/14/2022,2,5,36
7/15/2022,2,5,50
7/16/2022,2,5,40
7/17/2022,2,5,25
7/18/2022,2,5,40
7/19/2022,2,5,27
7/20/2022,2,5,28
7/21/2022,2,5,39
7/22/2022,2,5,47
7/23/2022,2,5,41
7/24/2022,2,5,26
7/25/2022,2,5,34
7/26/2022,2,5,36
7/27/2022,2,5,34
7/28/2022,2,5,36
7/29/2022,2,5,45
7/30/2022,2,5,49
7/31/2022,2,5,25
8/1/2022,2,5,31
8/2/2022,2,5,16
8/3/2022,2,5,31
8/4/2022,2,5,26
8/5/2022,2,5,32
8/6/2022,2,5,40
8/7/2022,2,5,23
8/8/2022,2,5,26
8/9/2022,2,5,22
8/10/2022,2,5,28
8/11/2022,2,5,36
8/12/2022,2,5,44
8/13/2022,2,5,38
8/14/2022,2,5,21
8/15/2022,2,5,32
8/16/2022,2,5,26
8/17/2022,2,5,23
8/18/2022,2,5,38
8/19/2022,2,5,31
8/20/2022,2,5,36
8/21/2022,2,5,17
8/22/2022,2,5,34
8/23/2022,2,5,26
8/24/2022,2,5,23
8/25/2022,2,5,28
8/26/2022,2,5,26
8/27/2022,2,5,25
8/28/2022,2,5,21
8/29/2022,2,5,23
8/30/2022,2,5,27
8/31/2022,2,5,21
9/1/2022,2,5,29
9/2/2022,2,5,27
9/3/2022,2,5,26
9/4/2022,2,5,18
9/5/2022,2,5,25
9/6/2022,2,5,29
9/7/2022,2,5,25
9/8/2022,2,5,28
9/9/2022,2,5,32
9/10/2022,2,5,28
9/11/2022,2,5,21
9/12/2022,2,5,21
9/13/2022,2,5,24
9/14/2022,2,5,18
9/15/2022,2,5,34
9/16/2022,2,5,26
9/17/2022,2,5,33
9/18/2022,2,5,20
9/19/2022,2,5,27
9/20/2022,2,5,33
9/21/2022,2,5,39
9/22/2022,2,5,30
9/23/2022,2,5,37
9/24/2022,2,5,38
9/25/2022,2,5,14
9/26/2022,2,5,26
9/27/2022,2,5,24
9/28/2022,2,5,26
9/29/2022,2,5,27
9/30/2022,2,5,28
10/1/2022,2,5,31
10/2/2022,2,5,18
10/3/2022,2,5,37
10/4/2022,2,5,25
10/5/2022,2,5,32
10/6/2022,2,5,26
10/7/2022,2,5,24
10/8/2022,2,5,31
10/9/2022,2,5,11
10/10/2022,2,5,20
10/11/2022,2,5,24
10/12/2022,2,5,19
10/13/2022,2,5,27
10/14/2022,2,5,37
10/15/2022,2,5,30
10/16/2022,2,5,18
10/17/2022,2,5,22
10/18/2022,2,5,30
10/19/2022,2,5,22
10/20/2022,2,5,27
10/21/2022,2,5,27
10/22/2022,2,5,26
10/23/2022,2,5,21
10/24/2022,2,5,27
10/25/2022,2,5,25
10/26/2022,2,5,22
10/27/2022,2,5,30
10/28/2022,2,5,28
10/29/2022,2,5,30
10/30/2022,2,5,15
10/31/2022,2,5,27
11/1/2022,2,5,24
11/2/2022,2,5,31
11/3/2022,2,5,29
11/4/2022,2,5,36
11/5/2022,2,5,28
11/6/2022,2,5,19
11/7/2022,2,5,19
11/8/2022,2,5,27
11/9/2022,2,5,27
11/10/2022,2,5,27
11/11/2022,2,5,31
11/12/2022,2,5,47
11/13/2022,2,5,19
11/14/2022,2,5,37
11/15/2022,2,5,23
11/16/2022,2,5,28
11/17/2022,2,5,35
11/18/2022,2,5,22
11/19/2022,2,5,30
11/20/2022,2,5,16
11/21/2022,2,5,21
11/22/2022,2,5,29
11/23/2022,2,5,20
11/24/2022,2,5,27
11/25/2022,2,5,31
11/26/2022,2,5,45
11/27/2022,2,5,24
11/28/2022,2,5,28
11/29/2022,2,5,29
11/30/2022,2,5,35
12/1/2022,2,5,25
12/2/2022,2,5,26
12/3/2022,2,5,15
12/4/2022,2,5,19
12/5/2022,2,5,17
12/6/2022,2,5,29
12/7/2022,2,5,22
12/8/2022,2,5,24
12/9/2022,2,5,23
12/10/2022,2,5,23
12/11/2022,2,5,14
12/12/2022,2,5,23
12/13/2022,2,5,15
12/14/2022,2,5,23
12/15/2022,2,5,18
12/16/2022,2,5,26
12/17/2022,2,5,24
12/18/2022,2,5,11
12/19/2022,2,5,20
12/20/2022,2,5,13
12/21/2022,2,5,18
12/22/2022,2,5,21
12/23/2022,2,5,22
12/24/2022,2,5,22
12/25/2022,2,5,27
12/26/2022,2,5,18
12/27/2022,2,5,20
12/28/2022,2,5,18
12/29/2022,2,5,25
12/30/2022,2,5,20
12/31/2022,2,5,22
1/1/2018,3,5,13
1/2/2018,3,5,9
1/3/2018,3,5,10
1/4/2018,3,5,20
1/5/2018,3,5,13
1/6/2018,3,5,12
1/7/2018,3,5,3
1/8/2018,3,5,8
1/9/2018,3,5,11
1/10/2018,3,5,12
1/11/2018,3,5,8
1/12/2018,3,5,24
1/13/2018,3,5,16
1/14/2018,3,5,12
1/15/2018,3,5,14
1/16/2018,3,5,12
1/17/2018,3,5,12
1/18/2018,3,5,10
1/19/2018,3,5,12
1/20/2018,3,5,18
1/21/2018,3,5,5
1/22/2018,3,5,7
1/23/2018,3,5,9
1/24/2018,3,5,9
1/25/2018,3,5,14
1/26/2018,3,5,10
1/27/2018,3,5,15
1/28/2018,3,5,13
1/29/2018,3,5,5
1/30/2018,3,5,9
1/31/2018,3,5,8
2/1/2018,3,5,11
2/2/2018,3,5,10
2/3/2018,3,5,21
2/4/2018,3,5,6
2/5/2018,3,5,9
2/6/2018,3,5,13
2/7/2018,3,5,24
2/8/2018,3,5,16
2/9/2018,3,5,15
2/10/2018,3,5,10
2/11/2018,3,5,9
2/12/2018,3,5,13
2/13/2018,3,5,14
2/14/2018,3,5,13
2/15/2018,3,5,15
2/16/2018,3,5,12
2/17/2018,3,5,15
2/18/2018,3,5,8
2/19/2018,3,5,14
2/20/2018,3,5,7
2/21/2018,3,5,14
2/22/2018,3,5,10
2/23/2018,3,5,23
2/24/2018,3,5,18
2/25/2018,3,5,4
2/26/2018,3,5,6
2/27/2018,3,5,6
2/28/2018,3,5,9
3/1/2018,3,5,9
3/2/2018,3,5,20
3/3/2018,3,5,17
3/4/2018,3,5,12
3/5/2018,3,5,14
3/6/2018,3,5,16
3/7/2018,3,5,15
3/8/2018,3,5,16
3/9/2018,3,5,18
3/10/2018,3,5,22
3/11/2018,3,5,20
3/12/2018,3,5,13
3/13/2018,3,5,15
3/14/2018,3,5,18
3/15/2018,3,5,14
3/16/2018,3,5,13
3/17/2018,3,5,24
3/18/2018,3,5,7
3/19/2018,3,5,14
3/20/2018,3,5,17
3/21/2018,3,5,13
3/22/2018,3,5,15
3/23/2018,3,5,17
3/24/2018,3,5,19
3/25/2018,3,5,16
3/26/2018,3,5,12
3/27/2018,3,5,18
3/28/2018,3,5,13
3/29/2018,3,5,20
3/30/2018,3,5,19
3/31/2018,3,5,17
4/1/2018,3,5,15
4/2/2018,3,5,14
4/3/2018,3,5,18
4/4/2018,3,5,18
4/5/2018,3,5,22
4/6/2018,3,5,14
4/7/2018,3,5,18
4/8/2018,3,5,10
4/9/2018,3,5,10
4/10/2018,3,5,19
4/11/2018,3,5,24
4/12/2018,3,5,15
4/13/2018,3,5,28
4/14/2018,3,5,22
4/15/2018,3,5,17
4/16/2018,3,5,22
4/17/2018,3,5,13
4/18/2018,3,5,13
4/19/2018,3,5,19
4/20/2018,3,5,23
4/21/2018,3,5,22
4/22/2018,3,5,9
4/23/2018,3,5,23
4/24/2018,3,5,17
4/25/2018,3,5,19
4/26/2018,3,5,19
4/27/2018,3,5,17
4/28/2018,3,5,24
4/29/2018,3,5,18
4/30/2018,3,5,15
5/1/2018,3,5,10
5/2/2018,3,5,17
5/3/2018,3,5,27
5/4/2018,3,5,23
5/5/2018,3,5,24
5/6/2018,3,5,19
5/7/2018,3,5,19
5/8/2018,3,5,16
5/9/2018,3,5,18
5/10/2018,3,5,18
5/11/2018,3,5,23
5/12/2018,3,5,26
5/13/2018,3,5,21
5/14/2018,3,5,13
5/15/2018,3,5,14
5/16/2018,3,5,20
5/17/2018,3,5,24
5/18/2018,3,5,27
5/19/2018,3,5,20
5/20/2018,3,5,17
5/21/2018,3,5,18
5/22/2018,3,5,21
5/23/2018,3,5,17
5/24/2018,3,5,15
5/25/2018,3,5,15
5/26/2018,3,5,27
5/27/2018,3,5,11
5/28/2018,3,5,22
5/29/2018,3,5,19
5/30/2018,3,5,24
5/31/2018,3,5,18
6/1/2018,3,5,26
6/2/2018,3,5,9
6/3/2018,3,5,12
6/4/2018,3,5,13
6/5/2018,3,5,26
6/6/2018,3,5,24
6/7/2018,3,5,20
6/8/2018,3,5,21
6/9/2018,3,5,32
6/10/2018,3,5,21
6/11/2018,3,5,16
6/12/2018,3,5,21
6/13/2018,3,5,18
6/14/2018,3,5,17
6/15/2018,3,5,25
6/16/2018,3,5,23
6/17/2018,3,5,17
6/18/2018,3,5,15
6/19/2018,3,5,21
6/20/2018,3,5,23
6/21/2018,3,5,28
6/22/2018,3,5,26
6/23/2018,3,5,23
6/24/2018,3,5,24
6/25/2018,3,5,15
6/26/2018,3,5,14
6/27/2018,3,5,18
6/28/2018,3,5,20
6/29/2018,3,5,23
6/30/2018,3,5,23
7/1/2018,3,5,15
7/2/2018,3,5,21
7/3/2018,3,5,24
7/4/2018,3,5,24
7/5/2018,3,5,19
7/6/2018,3,5,29
7/7/2018,3,5,27
7/8/2018,3,5,16
7/9/2018,3,5,15
7/10/2018,3,5,21
7/11/2018,3,5,18
7/12/2018,3,5,19
7/13/2018,3,5,28
7/14/2018,3,5,32
7/15/2018,3,5,16
7/16/2018,3,5,20
7/17/2018,3,5,22
7/18/2018,3,5,27
7/19/2018,3,5,23
7/20/2018,3,5,26
7/21/2018,3,5,20
7/22/2018,3,5,18
7/23/2018,3,5,17
7/24/2018,3,5,15
7/25/2018,3,5,20
7/26/2018,3,5,25
7/27/2018,3,5,27
7/28/2018,3,5,16
7/29/2018,3,5,16
7/30/2018,3,5,25
7/31/2018,3,5,17
8/1/2018,3,5,22
8/2/2018,3,5,28
8/3/2018,3,5,24
8/4/2018,3,5,24
8/5/2018,3,5,14
8/6/2018,3,5,23
8/7/2018,3,5,26
8/8/2018,3,5,14
8/9/2018,3,5,18
8/10/2018,3,5,24
8/11/2018,3,5,20
8/12/2018,3,5,9
8/13/2018,3,5,16
8/14/2018,3,5,16
8/15/2018,3,5,16
8/16/2018,3,5,18
8/17/2018,3,5,18
8/18/2018,3,5,23
8/19/2018,3,5,20
8/20/2018,3,5,20
8/21/2018,3,5,24
8/22/2018,3,5,17
8/23/2018,3,5,19
8/24/2018,3,5,27
8/25/2018,3,5,35
8/26/2018,3,5,13
8/27/2018,3,5,24
8/28/2018,3,5,19
8/29/2018,3,5,21
8/30/2018,3,5,18
8/31/2018,3,5,23
9/1/2018,3,5,27
9/2/2018,3,5,16
9/3/2018,3,5,20
9/4/2018,3,5,16
9/5/2018,3,5,27
9/6/2018,3,5,14
9/7/2018,3,5,16
9/8/2018,3,5,20
9/9/2018,3,5,16
9/10/2018,3,5,17
9/11/2018,3,5,17
9/12/2018,3,5,17
9/13/2018,3,5,23
9/14/2018,3,5,18
9/15/2018,3,5,20
9/16/2018,3,5,16
9/17/2018,3,5,26
9/18/2018,3,5,25
9/19/2018,3,5,17
9/20/2018,3,5,19
9/21/2018,3,5,24
9/22/2018,3,5,26
9/23/2018,3,5,10
9/24/2018,3,5,18
9/25/2018,3,5,17
9/26/2018,3,5,23
9/27/2018,3,5,18
9/28/2018,3,5,26
9/29/2018,3,5,13
9/30/2018,3,5,12
10/1/2018,3,5,15
10/2/2018,3,5,18
10/3/2018,3,5,20
10/4/2018,3,5,13
10/5/2018,3,5,25
10/6/2018,3,5,14
10/7/2018,3,5,11
10/8/2018,3,5,13
10/9/2018,3,5,14
10/10/2018,3,5,16
10/11/2018,3,5,17
10/12/2018,3,5,20
10/13/2018,3,5,14
10/14/2018,3,5,14
10/15/2018,3,5,22
10/16/2018,3,5,18
10/17/2018,3,5,19
10/18/2018,3,5,15
10/19/2018,3,5,19
10/20/2018,3,5,15
10/21/2018,3,5,19
10/22/2018,3,5,16
10/23/2018,3,5,11
10/24/2018,3,5,14
10/25/2018,3,5,13
10/26/2018,3,5,23
10/27/2018,3,5,16
10/28/2018,3,5,11
10/29/2018,3,5,20
10/30/2018,3,5,18
10/31/2018,3,5,19
11/1/2018,3,5,18
11/2/2018,3,5,21
11/3/2018,3,5,17
11/4/2018,3,5,11
11/5/2018,3,5,21
11/6/2018,3,5,23
11/7/2018,3,5,13
11/8/2018,3,5,20
11/9/2018,3,5,15
11/10/2018,3,5,19
11/11/2018,3,5,13
11/12/2018,3,5,20
11/13/2018,3,5,14
11/14/2018,3,5,20
11/15/2018,3,5,18
11/16/2018,3,5,19
11/17/2018,3,5,22
11/18/2018,3,5,12
11/19/2018,3,5,16
11/20/2018,3,5,18
11/21/2018,3,5,17
11/22/2018,3,5,20
11/23/2018,3,5,15
11/24/2018,3,5,24
11/25/2018,3,5,11
11/26/2018,3,5,16
11/27/2018,3,5,27
11/28/2018,3,5,14
11/29/2018,3,5,23
11/30/2018,3,5,14
12/1/2018,3,5,17
12/2/2018,3,5,12
12/3/2018,3,5,16
12/4/2018,3,5,17
12/5/2018,3,5,13
12/6/2018,3,5,8
12/7/2018,3,5,19
12/8/2018,3,5,12
12/9/2018,3,5,12
12/10/2018,3,5,10
12/11/2018,3,5,12
12/12/2018,3,5,11
12/13/2018,3,5,15
12/14/2018,3,5,16
12/15/2018,3,5,10
12/16/2018,3,5,10
12/17/2018,3,5,20
12/18/2018,3,5,14
12/19/2018,3,5,12
12/20/2018,3,5,10
12/21/2018,3,5,19
12/22/2018,3,5,21
12/23/2018,3,5,16
12/24/2018,3,5,9
12/25/2018,3,5,13
12/26/2018,3,5,10
12/27/2018,3,5,15
12/28/2018,3,5,14
12/29/2018,3,5,10
12/30/2018,3,5,12
12/31/2018,3,5,12
1/1/2019,3,5,16
1/2/2019,3,5,8
1/3/2019,3,5,14
1/4/2019,3,5,12
1/5/2019,3,5,16
1/6/2019,3,5,8
1/7/2019,3,5,12
1/8/2019,3,5,23
1/9/2019,3,5,9
1/10/2019,3,5,16
1/11/2019,3,5,13
1/12/2019,3,5,21
1/13/2019,3,5,13
1/14/2019,3,5,10
1/15/2019,3,5,13
1/16/2019,3,5,10
1/17/2019,3,5,13
1/18/2019,3,5,17
1/19/2019,3,5,9
1/20/2019,3,5,10
1/21/2019,3,5,17
1/22/2019,3,5,13
1/23/2019,3,5,6
1/24/2019,3,5,13
1/25/2019,3,5,24
1/26/2019,3,5,19
1/27/2019,3,5,9
1/28/2019,3,5,8
1/29/2019,3,5,13
1/30/2019,3,5,18
1/31/2019,3,5,16
2/1/2019,3,5,18
2/2/2019,3,5,14
2/3/2019,3,5,21
2/4/2019,3,5,11
2/5/2019,3,5,22
2/6/2019,3,5,9
2/7/2019,3,5,16
2/8/2019,3,5,21
2/9/2019,3,5,12
2/10/2019,3,5,14
2/11/2019,3,5,9
2/12/2019,3,5,12
2/13/2019,3,5,12
2/14/2019,3,5,19
2/15/2019,3,5,23
2/16/2019,3,5,22
2/17/2019,3,5,7
2/18/2019,3,5,10
2/19/2019,3,5,18
2/20/2019,3,5,14
2/21/2019,3,5,8
2/22/2019,3,5,17
2/23/2019,3,5,17
2/24/2019,3,5,7
2/25/2019,3,5,17
2/26/2019,3,5,11
2/27/2019,3,5,9
2/28/2019,3,5,12
3/1/2019,3,5,17
3/2/2019,3,5,32
3/3/2019,3,5,16
3/4/2019,3,5,23
3/5/2019,3,5,13
3/6/2019,3,5,18
3/7/2019,3,5,20
3/8/2019,3,5,25
3/9/2019,3,5,24
3/10/2019,3,5,15
3/11/2019,3,5,23
3/12/2019,3,5,18
3/13/2019,3,5,16
3/14/2019,3,5,26
3/15/2019,3,5,23
3/16/2019,3,5,23
3/17/2019,3,5,6
3/18/2019,3,5,11
3/19/2019,3,5,24
3/20/2019,3,5,15
3/21/2019,3,5,15
3/22/2019,3,5,24
3/23/2019,3,5,18
3/24/2019,3,5,17
3/25/2019,3,5,17
3/26/2019,3,5,14
3/27/2019,3,5,19
3/28/2019,3,5,25
3/29/2019,3,5,17
3/30/2019,3,5,36
3/31/2019,3,5,18
4/1/2019,3,5,24
4/2/2019,3,5,30
4/3/2019,3,5,25
4/4/2019,3,5,27
4/5/2019,3,5,33
4/6/2019,3,5,22
4/7/2019,3,5,12
4/8/2019,3,5,23
4/9/2019,3,5,20
4/10/2019,3,5,20
4/11/2019,3,5,15
4/12/2019,3,5,18
4/13/2019,3,5,29
4/14/2019,3,5,17
4/15/2019,3,5,16
4/16/2019,3,5,17
4/17/2019,3,5,20
4/18/2019,3,5,21
4/19/2019,3,5,17
4/20/2019,3,5,28
4/21/2019,3,5,20
4/22/2019,3,5,22
4/23/2019,3,5,21
4/24/2019,3,5,22
4/25/2019,3,5,13
4/26/2019,3,5,23
4/27/2019,3,5,22
4/28/2019,3,5,12
4/29/2019,3,5,19
4/30/2019,3,5,16
5/1/2019,3,5,22
5/2/2019,3,5,36
5/3/2019,3,5,15
5/4/2019,3,5,21
5/5/2019,3,5,23
5/6/2019,3,5,19
5/7/2019,3,5,15
5/8/2019,3,5,22
5/9/2019,3,5,24
5/10/2019,3,5,30
5/11/2019,3,5,22
5/12/2019,3,5,14
5/13/2019,3,5,26
5/14/2019,3,5,19
5/15/2019,3,5,25
5/16/2019,3,5,37
5/17/2019,3,5,38
5/18/2019,3,5,35
5/19/2019,3,5,20
5/20/2019,3,5,18
5/21/2019,3,5,16
5/22/2019,3,5,13
5/23/2019,3,5,26
5/24/2019,3,5,21
5/25/2019,3,5,23
5/26/2019,3,5,18
5/27/2019,3,5,17
5/28/2019,3,5,25
5/29/2019,3,5,20
5/30/2019,3,5,23
5/31/2019,3,5,24
6/1/2019,3,5,23
6/2/2019,3,5,17
6/3/2019,3,5,20
6/4/2019,3,5,31
6/5/2019,3,5,21
6/6/2019,3,5,24
6/7/2019,3,5,25
6/8/2019,3,5,25
6/9/2019,3,5,21
6/10/2019,3,5,21
6/11/2019,3,5,20
6/12/2019,3,5,31
6/13/2019,3,5,28
6/14/2019,3,5,29
6/15/2019,3,5,22
6/16/2019,3,5,16
6/17/2019,3,5,18
6/18/2019,3,5,26
6/19/2019,3,5,21
6/20/2019,3,5,27
6/21/2019,3,5,24
6/22/2019,3,5,36
6/23/2019,3,5,22
6/24/2019,3,5,23
6/25/2019,3,5,18
6/26/2019,3,5,18
6/27/2019,3,5,29
6/28/2019,3,5,25
6/29/2019,3,5,26
6/30/2019,3,5,22
7/1/2019,3,5,15
7/2/2019,3,5,19
7/3/2019,3,5,30
7/4/2019,3,5,22
7/5/2019,3,5,32
7/6/2019,3,5,27
7/7/2019,3,5,24
7/8/2019,3,5,26
7/9/2019,3,5,21
7/10/2019,3,5,26
7/11/2019,3,5,30
7/12/2019,3,5,34
7/13/2019,3,5,37
7/14/2019,3,5,20
7/15/2019,3,5,19
7/16/2019,3,5,21
7/17/2019,3,5,33
7/18/2019,3,5,29
7/19/2019,3,5,31
7/20/2019,3,5,27
7/21/2019,3,5,24
7/22/2019,3,5,22
7/23/2019,3,5,27
7/24/2019,3,5,33
7/25/2019,3,5,21
7/26/2019,3,5,38
7/27/2019,3,5,35
7/28/2019,3,5,22
7/29/2019,3,5,29
7/30/2019,3,5,23
7/31/2019,3,5,26
8/1/2019,3,5,18
8/2/2019,3,5,32
8/3/2019,3,5,28
8/4/2019,3,5,13
8/5/2019,3,5,23
8/6/2019,3,5,19
8/7/2019,3,5,22
8/8/2019,3,5,20
8/9/2019,3,5,28
8/10/2019,3,5,35
8/11/2019,3,5,22
8/12/2019,3,5,19
8/13/2019,3,5,19
8/14/2019,3,5,16
8/15/2019,3,5,26
8/16/2019,3,5,23
8/17/2019,3,5,31
8/18/2019,3,5,11
8/19/2019,3,5,15
8/20/2019,3,5,26
8/21/2019,3,5,18
8/22/2019,3,5,24
8/23/2019,3,5,26
8/24/2019,3,5,25
8/25/2019,3,5,15
8/26/2019,3,5,21
8/27/2019,3,5,19
8/28/2019,3,5,16
8/29/2019,3,5,22
8/30/2019,3,5,25
8/31/2019,3,5,27
9/1/2019,3,5,16
9/2/2019,3,5,20
9/3/2019,3,5,11
9/4/2019,3,5,15
9/5/2019,3,5,22
9/6/2019,3,5,24
9/7/2019,3,5,22
9/8/2019,3,5,23
9/9/2019,3,5,15
9/10/2019,3,5,18
9/11/2019,3,5,24
9/12/2019,3,5,18
9/13/2019,3,5,30
9/14/2019,3,5,25
9/15/2019,3,5,14
9/16/2019,3,5,16
9/17/2019,3,5,14
9/18/2019,3,5,23
9/19/2019,3,5,21
9/20/2019,3,5,24
9/21/2019,3,5,28
9/22/2019,3,5,14
9/23/2019,3,5,25
9/24/2019,3,5,26
9/25/2019,3,5,22
9/26/2019,3,5,29
9/27/2019,3,5,25
9/28/2019,3,5,17
9/29/2019,3,5,10
9/30/2019,3,5,23
10/1/2019,3,5,17
10/2/2019,3,5,24
10/3/2019,3,5,16
10/4/2019,3,5,21
10/5/2019,3,5,23
10/6/2019,3,5,20
10/7/2019,3,5,15
10/8/2019,3,5,18
10/9/2019,3,5,21
10/10/2019,3,5,16
10/11/2019,3,5,15
10/12/2019,3,5,23
10/13/2019,3,5,15
10/14/2019,3,5,18
10/15/2019,3,5,15
10/16/2019,3,5,23
10/17/2019,3,5,19
10/18/2019,3,5,18
10/19/2019,3,5,33
10/20/2019,3,5,21
10/21/2019,3,5,19
10/22/2019,3,5,15
10/23/2019,3,5,19
10/24/2019,3,5,28
10/25/2019,3,5,13
10/26/2019,3,5,22
10/27/2019,3,5,14
10/28/2019,3,5,17
10/29/2019,3,5,17
10/30/2019,3,5,13
10/31/2019,3,5,14
11/1/2019,3,5,21
11/2/2019,3,5,15
11/3/2019,3,5,27
11/4/2019,3,5,22
11/5/2019,3,5,17
11/6/2019,3,5,16
11/7/2019,3,5,20
11/8/2019,3,5,30
11/9/2019,3,5,28
11/10/2019,3,5,25
11/11/2019,3,5,10
11/12/2019,3,5,20
11/13/2019,3,5,18
11/14/2019,3,5,23
11/15/2019,3,5,24
11/16/2019,3,5,33
11/17/2019,3,5,17
11/18/2019,3,5,26
11/19/2019,3,5,21
11/20/2019,3,5,17
11/21/2019,3,5,23
11/22/2019,3,5,20
11/23/2019,3,5,26
11/24/2019,3,5,14
11/25/2019,3,5,18
11/26/2019,3,5,25
11/27/2019,3,5,18
11/28/2019,3,5,21
11/29/2019,3,5,21
11/30/2019,3,5,32
12/1/2019,3,5,6
12/2/2019,3,5,14
12/3/2019,3,5,12
12/4/2019,3,5,10
12/5/2019,3,5,17
12/6/2019,3,5,16
12/7/2019,3,5,19
12/8/2019,3,5,12
12/9/2019,3,5,14
12/10/2019,3,5,23
12/11/2019,3,5,10
12/12/2019,3,5,16
12/13/2019,3,5,21
12/14/2019,3,5,14
12/15/2019,3,5,15
12/16/2019,3,5,13
12/17/2019,3,5,13
12/18/2019,3,5,17
12/19/2019,3,5,14
12/20/2019,3,5,19
12/21/2019,3,5,16
12/22/2019,3,5,14
12/23/2019,3,5,13
12/24/2019,3,5,19
12/25/2019,3,5,11
12/26/2019,3,5,13
12/27/2019,3,5,22
12/28/2019,3,5,14
12/29/2019,3,5,15
12/30/2019,3,5,13
12/31/2019,3,5,17
1/1/2020,3,5,21
1/2/2020,3,5,14
1/3/2020,3,5,11
1/4/2020,3,5,17
1/5/2020,3,5,14
1/6/2020,3,5,14
1/7/2020,3,5,10
1/8/2020,3,5,19
1/9/2020,3,5,13
1/10/2020,3,5,20
1/11/2020,3,5,16
1/12/2020,3,5,13
1/13/2020,3,5,16
1/14/2020,3,5,10
1/15/2020,3,5,12
1/16/2020,3,5,11
1/17/2020,3,5,15
1/18/2020,3,5,20
1/19/2020,3,5,11
1/20/2020,3,5,7
1/21/2020,3,5,13
1/22/2020,3,5,13
1/23/2020,3,5,10
1/24/2020,3,5,8
1/25/2020,3,5,25
1/26/2020,3,5,8
1/27/2020,3,5,23
1/28/2020,3,5,9
1/29/2020,3,5,12
1/30/2020,3,5,18
1/31/2020,3,5,18
2/1/2020,3,5,21
2/2/2020,3,5,16
2/3/2020,3,5,18
2/4/2020,3,5,9
2/5/2020,3,5,16
2/6/2020,3,5,16
2/7/2020,3,5,14
2/8/2020,3,5,16
2/9/2020,3,5,17
2/10/2020,3,5,13
2/11/2020,3,5,13
2/12/2020,3,5,20
2/13/2020,3,5,8
2/14/2020,3,5,18
2/15/2020,3,5,14
2/16/2020,3,5,13
2/17/2020,3,5,11
2/18/2020,3,5,19
2/19/2020,3,5,22
2/20/2020,3,5,13
2/21/2020,3,5,21
2/22/2020,3,5,22
2/23/2020,3,5,19
2/24/2020,3,5,20
2/25/2020,3,5,16
2/26/2020,3,5,15
2/27/2020,3,5,19
2/28/2020,3,5,22
3/1/2020,3,5,27
3/2/2020,3,5,14
3/3/2020,3,5,16
3/4/2020,3,5,21
3/5/2020,3,5,13
3/6/2020,3,5,17
3/7/2020,3,5,18
3/8/2020,3,5,21
3/9/2020,3,5,17
3/10/2020,3,5,14
3/11/2020,3,5,17
3/12/2020,3,5,17
3/13/2020,3,5,10
3/14/2020,3,5,21
3/15/2020,3,5,17
3/16/2020,3,5,16
3/17/2020,3,5,6
3/18/2020,3,5,17
3/19/2020,3,5,24
3/20/2020,3,5,22
3/21/2020,3,5,25
3/22/2020,3,5,22
3/23/2020,3,5,14
3/24/2020,3,5,14
3/25/2020,3,5,21
3/26/2020,3,5,20
3/27/2020,3,5,16
3/28/2020,3,5,22
3/29/2020,3,5,29
3/30/2020,3,5,14
3/31/2020,3,5,20
4/1/2020,3,5,21
4/2/2020,3,5,28
4/3/2020,3,5,24
4/4/2020,3,5,23
4/5/2020,3,5,25
4/6/2020,3,5,13
4/7/2020,3,5,22
4/8/2020,3,5,22
4/9/2020,3,5,19
4/10/2020,3,5,27
4/11/2020,3,5,20
4/12/2020,3,5,26
4/13/2020,3,5,19
4/14/2020,3,5,27
4/15/2020,3,5,16
4/16/2020,3,5,25
4/17/2020,3,5,30
4/18/2020,3,5,20
4/19/2020,3,5,22
4/20/2020,3,5,29
4/21/2020,3,5,29
4/22/2020,3,5,22
4/23/2020,3,5,20
4/24/2020,3,5,17
4/25/2020,3,5,32
4/26/2020,3,5,27
4/27/2020,3,5,24
4/28/2020,3,5,16
4/29/2020,3,5,20
4/30/2020,3,5,20
5/1/2020,3,5,30
5/2/2020,3,5,29
5/3/2020,3,5,32
5/4/2020,3,5,24
5/5/2020,3,5,14
5/6/2020,3,5,26
5/7/2020,3,5,24
5/8/2020,3,5,32
5/9/2020,3,5,30
5/10/2020,3,5,23
5/11/2020,3,5,20
5/12/2020,3,5,15
5/13/2020,3,5,21
5/14/2020,3,5,25
5/15/2020,3,5,22
5/16/2020,3,5,22
5/17/2020,3,5,27
5/18/2020,3,5,15
5/19/2020,3,5,21
5/20/2020,3,5,23
5/21/2020,3,5,23
5/22/2020,3,5,21
5/23/2020,3,5,27
5/24/2020,3,5,33
5/25/2020,3,5,23
5/26/2020,3,5,21
5/27/2020,3,5,17
5/28/2020,3,5,17
5/29/2020,3,5,22
5/30/2020,3,5,26
5/31/2020,3,5,29
6/1/2020,3,5,19
6/2/2020,3,5,28
6/3/2020,3,5,20
6/4/2020,3,5,15
6/5/2020,3,5,22
6/6/2020,3,5,28
6/7/2020,3,5,29
6/8/2020,3,5,16
6/9/2020,3,5,28
6/10/2020,3,5,21
6/11/2020,3,5,20
6/12/2020,3,5,35
6/13/2020,3,5,24
6/14/2020,3,5,38
6/15/2020,3,5,27
6/16/2020,3,5,24
6/17/2020,3,5,19
6/18/2020,3,5,23
6/19/2020,3,5,28
6/20/2020,3,5,32
6/21/2020,3,5,31
6/22/2020,3,5,15
6/23/2020,3,5,25
6/24/2020,3,5,23
6/25/2020,3,5,27
6/26/2020,3,5,34
6/27/2020,3,5,22
6/28/2020,3,5,30
6/29/2020,3,5,22
6/30/2020,3,5,32
7/1/2020,3,5,30
7/2/2020,3,5,32
7/3/2020,3,5,25
7/4/2020,3,5,29
7/5/2020,3,5,31
7/6/2020,3,5,20
7/7/2020,3,5,27
7/8/2020,3,5,27
7/9/2020,3,5,34
7/10/2020,3,5,35
7/11/2020,3,5,27
7/12/2020,3,5,25
7/13/2020,3,5,27
7/14/2020,3,5,23
7/15/2020,3,5,29
7/16/2020,3,5,32
7/17/2020,3,5,41
7/18/2020,3,5,34
7/19/2020,3,5,22
7/20/2020,3,5,29
7/21/2020,3,5,34
7/22/2020,3,5,34
7/23/2020,3,5,26
7/24/2020,3,5,26
7/25/2020,3,5,28
7/26/2020,3,5,25
7/27/2020,3,5,18
7/28/2020,3,5,21
7/29/2020,3,5,13
7/30/2020,3,5,32
7/31/2020,3,5,25
8/1/2020,3,5,27
8/2/2020,3,5,23
8/3/2020,3,5,20
8/4/2020,3,5,27
8/5/2020,3,5,23
8/6/2020,3,5,25
8/7/2020,3,5,32
8/8/2020,3,5,27
8/9/2020,3,5,25
8/10/2020,3,5,15
8/11/2020,3,5,20
8/12/2020,3,5,22
8/13/2020,3,5,30
8/14/2020,3,5,26
8/15/2020,3,5,37
8/16/2020,3,5,27
8/17/2020,3,5,19
8/18/2020,3,5,25
8/19/2020,3,5,24
8/20/2020,3,5,20
8/21/2020,3,5,35
8/22/2020,3,5,26
8/23/2020,3,5,25
8/24/2020,3,5,12
8/25/2020,3,5,26
8/26/2020,3,5,30
8/27/2020,3,5,19
8/28/2020,3,5,22
8/29/2020,3,5,26
8/30/2020,3,5,29
8/31/2020,3,5,18
9/1/2020,3,5,13
9/2/2020,3,5,13
9/3/2020,3,5,21
9/4/2020,3,5,25
9/5/2020,3,5,28
9/6/2020,3,5,31
9/7/2020,3,5,19
9/8/2020,3,5,17
9/9/2020,3,5,19
9/10/2020,3,5,15
9/11/2020,3,5,21
9/12/2020,3,5,26
9/13/2020,3,5,22
9/14/2020,3,5,24
9/15/2020,3,5,15
9/16/2020,3,5,15
9/17/2020,3,5,14
9/18/2020,3,5,15
9/19/2020,3,5,22
9/20/2020,3,5,29
9/21/2020,3,5,17
9/22/2020,3,5,21
9/23/2020,3,5,24
9/24/2020,3,5,27
9/25/2020,3,5,20
9/26/2020,3,5,28
9/27/2020,3,5,22
9/28/2020,3,5,16
9/29/2020,3,5,15
9/30/2020,3,5,26
10/1/2020,3,5,17
10/2/2020,3,5,24
10/3/2020,3,5,13
10/4/2020,3,5,17
10/5/2020,3,5,16
10/6/2020,3,5,26
10/7/2020,3,5,17
10/8/2020,3,5,19
10/9/2020,3,5,25
10/10/2020,3,5,16
10/11/2020,3,5,34
10/12/2020,3,5,22
10/13/2020,3,5,17
10/14/2020,3,5,12
10/15/2020,3,5,20
10/16/2020,3,5,25
10/17/2020,3,5,24
10/18/2020,3,5,19
10/19/2020,3,5,13
10/20/2020,3,5,16
10/21/2020,3,5,26
10/22/2020,3,5,17
10/23/2020,3,5,23
10/24/2020,3,5,21
10/25/2020,3,5,28
10/26/2020,3,5,12
10/27/2020,3,5,21
10/28/2020,3,5,19
10/29/2020,3,5,20
10/30/2020,3,5,16
10/31/2020,3,5,17
11/1/2020,3,5,19
11/2/2020,3,5,18
11/3/2020,3,5,27
11/4/2020,3,5,14
11/5/2020,3,5,28
11/6/2020,3,5,26
11/7/2020,3,5,27
11/8/2020,3,5,23
11/9/2020,3,5,15
11/10/2020,3,5,19
11/11/2020,3,5,17
11/12/2020,3,5,27
11/13/2020,3,5,22
11/14/2020,3,5,21
11/15/2020,3,5,24
11/16/2020,3,5,27
11/17/2020,3,5,25
11/18/2020,3,5,22
11/19/2020,3,5,27
11/20/2020,3,5,21
11/21/2020,3,5,28
11/22/2020,3,5,33
11/23/2020,3,5,18
11/24/2020,3,5,25
11/25/2020,3,5,17
11/26/2020,3,5,23
11/27/2020,3,5,25
11/28/2020,3,5,23
11/29/2020,3,5,32
11/30/2020,3,5,22
12/1/2020,3,5,12
12/2/2020,3,5,12
12/3/2020,3,5,15
12/4/2020,3,5,20
12/5/2020,3,5,16
12/6/2020,3,5,20
12/7/2020,3,5,11
12/8/2020,3,5,10
12/9/2020,3,5,13
12/10/2020,3,5,23
12/11/2020,3,5,13
12/12/2020,3,5,15
12/13/2020,3,5,10
12/14/2020,3,5,12
12/15/2020,3,5,17
12/16/2020,3,5,11
12/17/2020,3,5,21
12/18/2020,3,5,16
12/19/2020,3,5,10
12/20/2020,3,5,15
12/21/2020,3,5,8
12/22/2020,3,5,14
12/23/2020,3,5,13
12/24/2020,3,5,23
12/25/2020,3,5,18
12/26/2020,3,5,25
12/27/2020,3,5,20
12/28/2020,3,5,13
12/29/2020,3,5,11
12/30/2020,3,5,15
12/31/2020,3,5,20
1/1/2021,3,5,14
1/2/2021,3,5,13
1/3/2021,3,5,19
1/4/2021,3,5,6
1/5/2021,3,5,12
1/6/2021,3,5,13
1/7/2021,3,5,15
1/8/2021,3,5,15
1/9/2021,3,5,25
1/10/2021,3,5,20
1/11/2021,3,5,14
1/12/2021,3,5,19
1/13/2021,3,5,15
1/14/2021,3,5,16
1/15/2021,3,5,15
1/16/2021,3,5,17
1/17/2021,3,5,10
1/18/2021,3,5,18
1/19/2021,3,5,16
1/20/2021,3,5,15
1/21/2021,3,5,10
1/22/2021,3,5,13
1/23/2021,3,5,14
1/24/2021,3,5,28
1/25/2021,3,5,16
1/26/2021,3,5,20
1/27/2021,3,5,20
1/28/2021,3,5,19
1/29/2021,3,5,16
1/30/2021,3,5,15
1/31/2021,3,5,22
2/1/2021,3,5,16
2/2/2021,3,5,14
2/3/2021,3,5,12
2/4/2021,3,5,15
2/5/2021,3,5,24
2/6/2021,3,5,10
2/7/2021,3,5,14
2/8/2021,3,5,10
2/9/2021,3,5,14
2/10/2021,3,5,12
2/11/2021,3,5,21
2/12/2021,3,5,14
2/13/2021,3,5,25
2/14/2021,3,5,29
2/15/2021,3,5,12
2/16/2021,3,5,11
2/17/2021,3,5,24
2/18/2021,3,5,19
2/19/2021,3,5,18
2/20/2021,3,5,20
2/21/2021,3,5,22
2/22/2021,3,5,14
2/23/2021,3,5,16
2/24/2021,3,5,16
2/25/2021,3,5,16
2/26/2021,3,5,20
2/27/2021,3,5,17
2/28/2021,3,5,15
2/29/2021,3,5,21
3/1/2021,3,5,16
3/2/2021,3,5,19
3/3/2021,3,5,18
3/4/2021,3,5,27
3/5/2021,3,5,26
3/6/2021,3,5,15
3/7/2021,3,5,10
3/8/2021,3,5,24
3/9/2021,3,5,22
3/10/2021,3,5,22
3/11/2021,3,5,27
3/12/2021,3,5,29
3/13/2021,3,5,26
3/14/2021,3,5,15
3/15/2021,3,5,14
3/16/2021,3,5,11
3/17/2021,3,5,19
3/18/2021,3,5,20
3/19/2021,3,5,17
3/20/2021,3,5,15
3/21/2021,3,5,15
3/22/2021,3,5,22
3/23/2021,3,5,21
3/24/2021,3,5,24
3/25/2021,3,5,21
3/26/2021,3,5,13
3/27/2021,3,5,24
3/28/2021,3,5,18
3/29/2021,3,5,14
3/30/2021,3,5,22
3/31/2021,3,5,18
4/1/2021,3,5,18
4/2/2021,3,5,28
4/3/2021,3,5,24
4/4/2021,3,5,13
4/5/2021,3,5,24
4/6/2021,3,5,15
4/7/2021,3,5,20
4/8/2021,3,5,26
4/9/2021,3,5,26
4/10/2021,3,5,27
4/11/2021,3,5,11
4/12/2021,3,5,27
4/13/2021,3,5,28
4/14/2021,3,5,27
4/15/2021,3,5,28
4/16/2021,3,5,38
4/17/2021,3,5,21
4/18/2021,3,5,29
4/19/2021,3,5,14
4/20/2021,3,5,27
4/21/2021,3,5,29
4/22/2021,3,5,14
4/23/2021,3,5,15
4/24/2021,3,5,31
4/25/2021,3,5,14
4/26/2021,3,5,14
4/27/2021,3,5,18
4/28/2021,3,5,28
4/29/2021,3,5,27
4/30/2021,3,5,29
5/1/2021,3,5,35
5/2/2021,3,5,20
5/3/2021,3,5,28
5/4/2021,3,5,14
5/5/2021,3,5,17
5/6/2021,3,5,24
5/7/2021,3,5,31
5/8/2021,3,5,38
5/9/2021,3,5,11
5/10/2021,3,5,18
5/11/2021,3,5,29
5/12/2021,3,5,21
5/13/2021,3,5,25
5/14/2021,3,5,25
5/15/2021,3,5,23
5/16/2021,3,5,18
5/17/2021,3,5,18
5/18/2021,3,5,21
5/19/2021,3,5,32
5/20/2021,3,5,31
5/21/2021,3,5,23
5/22/2021,3,5,28
5/23/2021,3,5,24
5/24/2021,3,5,37
5/25/2021,3,5,17
5/26/2021,3,5,28
5/27/2021,3,5,32
5/28/2021,3,5,28
5/29/2021,3,5,28
5/30/2021,3,5,25
5/31/2021,3,5,26
6/1/2021,3,5,16
6/2/2021,3,5,28
6/3/2021,3,5,33
6/4/2021,3,5,33
6/5/2021,3,5,40
6/6/2021,3,5,31
6/7/2021,3,5,31
6/8/2021,3,5,27
6/9/2021,3,5,29
6/10/2021,3,5,27
6/11/2021,3,5,23
6/12/2021,3,5,24
6/13/2021,3,5,13
6/14/2021,3,5,29
6/15/2021,3,5,23
6/16/2021,3,5,30
6/17/2021,3,5,27
6/18/2021,3,5,31
6/19/2021,3,5,30
6/20/2021,3,5,24
6/21/2021,3,5,36
6/22/2021,3,5,19
6/23/2021,3,5,16
6/24/2021,3,5,25
6/25/2021,3,5,30
6/26/2021,3,5,25
6/27/2021,3,5,15
6/28/2021,3,5,33
6/29/2021,3,5,34
6/30/2021,3,5,25
7/1/2021,3,5,32
7/2/2021,3,5,29
7/3/2021,3,5,26
7/4/2021,3,5,28
7/5/2021,3,5,34
7/6/2021,3,5,26
7/7/2021,3,5,24
7/8/2021,3,5,27
7/9/2021,3,5,30
7/10/2021,3,5,28
7/11/2021,3,5,20
7/12/2021,3,5,20
7/13/2021,3,5,30
7/14/2021,3,5,38
7/15/2021,3,5,30
7/16/2021,3,5,40
7/17/2021,3,5,40
7/18/2021,3,5,21
7/19/2021,3,5,35
7/20/2021,3,5,31
7/21/2021,3,5,43
7/22/2021,3,5,28
7/23/2021,3,5,24
7/24/2021,3,5,25
7/25/2021,3,5,18
7/26/2021,3,5,23
7/27/2021,3,5,20
7/28/2021,3,5,16
7/29/2021,3,5,30
7/30/2021,3,5,41
7/31/2021,3,5,43
8/1/2021,3,5,21
8/2/2021,3,5,27
8/3/2021,3,5,22
8/4/2021,3,5,31
8/5/2021,3,5,29
8/6/2021,3,5,31
8/7/2021,3,5,21
8/8/2021,3,5,18
8/9/2021,3,5,20
8/10/2021,3,5,23
8/11/2021,3,5,14
8/12/2021,3,5,39
8/13/2021,3,5,29
8/14/2021,3,5,21
8/15/2021,3,5,23
8/16/2021,3,5,18
8/17/2021,3,5,25
8/18/2021,3,5,27
8/19/2021,3,5,24
8/20/2021,3,5,31
8/21/2021,3,5,31
8/22/2021,3,5,15
8/23/2021,3,5,19
8/24/2021,3,5,22
8/25/2021,3,5,21
8/26/2021,3,5,39
8/27/2021,3,5,32
8/28/2021,3,5,36
8/29/2021,3,5,23
8/30/2021,3,5,26
8/31/2021,3,5,33
9/1/2021,3,5,27
9/2/2021,3,5,31
9/3/2021,3,5,24
9/4/2021,3,5,22
9/5/2021,3,5,16
9/6/2021,3,5,18
9/7/2021,3,5,24
9/8/2021,3,5,30
9/9/2021,3,5,23
9/10/2021,3,5,21
9/11/2021,3,5,23
9/12/2021,3,5,12
9/13/2021,3,5,25
9/14/2021,3,5,21
9/15/2021,3,5,24
9/16/2021,3,5,33
9/17/2021,3,5,28
9/18/2021,3,5,23
9/19/2021,3,5,17
9/20/2021,3,5,18
9/21/2021,3,5,27
9/22/2021,3,5,31
9/23/2021,3,5,33
9/24/2021,3,5,25
9/25/2021,3,5,29
9/26/2021,3,5,17
9/27/2021,3,5,23
9/28/2021,3,5,21
9/29/2021,3,5,29
9/30/2021,3,5,21
10/1/2021,3,5,29
10/2/2021,3,5,21
10/3/2021,3,5,13
10/4/2021,3,5,17
10/5/2021,3,5,19
10/6/2021,3,5,22
10/7/2021,3,5,26
10/8/2021,3,5,15
10/9/2021,3,5,26
10/10/2021,3,5,15
10/11/2021,3,5,26
10/12/2021,3,5,24
10/13/2021,3,5,19
10/14/2021,3,5,22
10/15/2021,3,5,32
10/16/2021,3,5,21
10/17/2021,3,5,16
10/18/2021,3,5,21
10/19/2021,3,5,21
10/20/2021,3,5,25
10/21/2021,3,5,22
10/22/2021,3,5,21
10/23/2021,3,5,31
10/24/2021,3,5,15
10/25/2021,3,5,24
10/26/2021,3,5,20
10/27/2021,3,5,18
10/28/2021,3,5,23
10/29/2021,3,5,25
10/30/2021,3,5,23
10/31/2021,3,5,22
11/1/2021,3,5,28
11/2/2021,3,5,18
11/3/2021,3,5,22
11/4/2021,3,5,23
11/5/2021,3,5,27
11/6/2021,3,5,19
11/7/2021,3,5,20
11/8/2021,3,5,21
11/9/2021,3,5,17
11/10/2021,3,5,20
11/11/2021,3,5,28
11/12/2021,3,5,27
11/13/2021,3,5,33
11/14/2021,3,5,25
11/15/2021,3,5,23
11/16/2021,3,5,29
11/17/2021,3,5,31
11/18/2021,3,5,26
11/19/2021,3,5,23
11/20/2021,3,5,26
11/21/2021,3,5,28
11/22/2021,3,5,35
11/23/2021,3,5,23
11/24/2021,3,5,31
11/25/2021,3,5,28
11/26/2021,3,5,31
11/27/2021,3,5,32
11/28/2021,3,5,15
11/29/2021,3,5,21
11/30/2021,3,5,22
12/1/2021,3,5,17
12/2/2021,3,5,15
12/3/2021,3,5,20
12/4/2021,3,5,25
12/5/2021,3,5,13
12/6/2021,3,5,14
12/7/2021,3,5,16
12/8/2021,3,5,18
12/9/2021,3,5,17
12/10/2021,3,5,16
12/11/2021,3,5,22
12/12/2021,3,5,11
12/13/2021,3,5,17
12/14/2021,3,5,17
12/15/2021,3,5,14
12/16/2021,3,5,23
12/17/2021,3,5,24
12/18/2021,3,5,18
12/19/2021,3,5,8
12/20/2021,3,5,18
12/21/2021,3,5,21
12/22/2021,3,5,13
12/23/2021,3,5,13
12/24/2021,3,5,19
12/25/2021,3,5,12
12/26/2021,3,5,12
12/27/2021,3,5,8
12/28/2021,3,5,12
12/29/2021,3,5,17
12/30/2021,3,5,22
12/31/2021,3,5,15
1/1/2022,3,5,14
1/2/2022,3,5,11
1/3/2022,3,5,14
1/4/2022,3,5,10
1/5/2022,3,5,20
1/6/2022,3,5,18
1/7/2022,3,5,17
1/8/2022,3,5,17
1/9/2022,3,5,12
1/10/2022,3,5,11
1/11/2022,3,5,16
1/12/2022,3,5,15
1/13/2022,3,5,22
1/14/2022,3,5,17
1/15/2022,3,5,26
1/16/2022,3,5,14
1/17/2022,3,5,16
1/18/2022,3,5,18
1/19/2022,3,5,17
1/20/2022,3,5,26
1/21/2022,3,5,20
1/22/2022,3,5,19
1/23/2022,3,5,11
1/24/2022,3,5,19
1/25/2022,3,5,13
1/26/2022,3,5,13
1/27/2022,3,5,25
1/28/2022,3,5,18
1/29/2022,3,5,16
1/30/2022,3,5,16
1/31/2022,3,5,14
2/1/2022,3,5,16
2/2/2022,3,5,22
2/3/2022,3,5,20
2/4/2022,3,5,26
2/5/2022,3,5,21
2/6/2022,3,5,18
2/7/2022,3,5,20
2/8/2022,3,5,12
2/9/2022,3,5,12
2/10/2022,3,5,20
2/11/2022,3,5,15
2/12/2022,3,5,22
2/13/2022,3,5,11
2/14/2022,3,5,20
2/15/2022,3,5,20
2/16/2022,3,5,12
2/17/2022,3,5,21
2/18/2022,3,5,14
2/19/2022,3,5,23
2/20/2022,3,5,13
2/21/2022,3,5,19
2/22/2022,3,5,10
2/23/2022,3,5,15
2/24/2022,3,5,22
2/25/2022,3,5,21
2/26/2022,3,5,19
2/27/2022,3,5,9
2/28/2022,3,5,17
3/1/2022,3,5,17
3/2/2022,3,5,20
3/3/2022,3,5,19
3/4/2022,3,5,22
3/5/2022,3,5,33
3/6/2022,3,5,25
3/7/2022,3,5,14
3/8/2022,3,5,23
3/9/2022,3,5,26
3/10/2022,3,5,22
3/11/2022,3,5,15
3/12/2022,3,5,19
3/13/2022,3,5,15
3/14/2022,3,5,15
3/15/2022,3,5,25
3/16/2022,3,5,19
3/17/2022,3,5,22
3/18/2022,3,5,28
3/19/2022,3,5,23
3/20/2022,3,5,16
3/21/2022,3,5,16
3/22/2022,3,5,23
3/23/2022,3,5,24
3/24/2022,3,5,14
3/25/2022,3,5,24
3/26/2022,3,5,26
3/27/2022,3,5,22
3/28/2022,3,5,23
3/29/2022,3,5,20
3/30/2022,3,5,23
3/31/2022,3,5,19
4/1/2022,3,5,35
4/2/2022,3,5,23
4/3/2022,3,5,13
4/4/2022,3,5,20
4/5/2022,3,5,21
4/6/2022,3,5,27
4/7/2022,3,5,32
4/8/2022,3,5,38
4/9/2022,3,5,28
4/10/2022,3,5,19
4/11/2022,3,5,21
4/12/2022,3,5,20
4/13/2022,3,5,24
4/14/2022,3,5,30
4/15/2022,3,5,34
4/16/2022,3,5,33
4/17/2022,3,5,26
4/18/2022,3,5,22
4/19/2022,3,5,19
4/20/2022,3,5,15
4/21/2022,3,5,16
4/22/2022,3,5,29
4/23/2022,3,5,35
4/24/2022,3,5,17
4/25/2022,3,5,14
4/26/2022,3,5,23
4/27/2022,3,5,26
4/28/2022,3,5,21
4/29/2022,3,5,23
4/30/2022,3,5,27
5/1/2022,3,5,19
5/2/2022,3,5,22
5/3/2022,3,5,30
5/4/2022,3,5,27
5/5/2022,3,5,24
5/6/2022,3,5,30
5/7/2022,3,5,36
5/8/2022,3,5,19
5/9/2022,3,5,9
5/10/2022,3,5,21
5/11/2022,3,5,28
5/12/2022,3,5,23
5/13/2022,3,5,28
5/14/2022,3,5,36
5/15/2022,3,5,24
5/16/2022,3,5,23
5/17/2022,3,5,24
5/18/2022,3,5,25
5/19/2022,3,5,29
5/20/2022,3,5,30
5/21/2022,3,5,42
5/22/2022,3,5,23
5/23/2022,3,5,23
5/24/2022,3,5,24
5/25/2022,3,5,27
5/26/2022,3,5,27
5/27/2022,3,5,32
5/28/2022,3,5,40
5/29/2022,3,5,20
5/30/2022,3,5,26
5/31/2022,3,5,30
6/1/2022,3,5,38
6/2/2022,3,5,36
6/3/2022,3,5,32
6/4/2022,3,5,37
6/5/2022,3,5,29
6/6/2022,3,5,24
6/7/2022,3,5,28
6/8/2022,3,5,34
6/9/2022,3,5,20
6/10/2022,3,5,26
6/11/2022,3,5,32
6/12/2022,3,5,18
6/13/2022,3,5,33
6/14/2022,3,5,27
6/15/2022,3,5,20
6/16/2022,3,5,26
6/17/2022,3,5,35
6/18/2022,3,5,24
6/19/2022,3,5,19
6/20/2022,3,5,26
6/21/2022,3,5,26
6/22/2022,3,5,30
6/23/2022,3,5,36
6/24/2022,3,5,32
6/25/2022,3,5,30
6/26/2022,3,5,32
6/27/2022,3,5,29
6/28/2022,3,5,39
6/29/2022,3,5,24
6/30/2022,3,5,24
7/1/2022,3,5,31
7/2/2022,3,5,40
7/3/2022,3,5,22
7/4/2022,3,5,35
7/5/2022,3,5,22
7/6/2022,3,5,34
7/7/2022,3,5,31
7/8/2022,3,5,37
7/9/2022,3,5,38
7/10/2022,3,5,21
7/11/2022,3,5,25
7/12/2022,3,5,34
7/13/2022,3,5,28
7/14/2022,3,5,35
7/15/2022,3,5,38
7/16/2022,3,5,29
7/17/2022,3,5,21
7/18/2022,3,5,22
7/19/2022,3,5,32
7/20/2022,3,5,38
7/21/2022,3,5,26
7/22/2022,3,5,35
7/23/2022,3,5,39
7/24/2022,3,5,20
7/25/2022,3,5,24
7/26/2022,3,5,25
7/27/2022,3,5,25
7/28/2022,3,5,31
7/29/2022,3,5,37
7/30/2022,3,5,41
7/31/2022,3,5,21
8/1/2022,3,5,30
8/2/2022,3,5,31
8/3/2022,3,5,23
8/4/2022,3,5,24
8/5/2022,3,5,43
8/6/2022,3,5,28
8/7/2022,3,5,8
8/8/2022,3,5,33
8/9/2022,3,5,18
8/10/2022,3,5,32
8/11/2022,3,5,28
8/12/2022,3,5,25
8/13/2022,3,5,29
8/14/2022,3,5,23
8/15/2022,3,5,28
8/16/2022,3,5,27
8/17/2022,3,5,22
8/18/2022,3,5,25
8/19/2022,3,5,29
8/20/2022,3,5,31
8/21/2022,3,5,17
8/22/2022,3,5,18
8/23/2022,3,5,26
8/24/2022,3,5,32
8/25/2022,3,5,26
8/26/2022,3,5,31
8/27/2022,3,5,23
8/28/2022,3,5,23
8/29/2022,3,5,18
8/30/2022,3,5,28
8/31/2022,3,5,28
9/1/2022,3,5,28
9/2/2022,3,5,29
9/3/2022,3,5,36
9/4/2022,3,5,14
9/5/2022,3,5,23
9/6/2022,3,5,16
9/7/2022,3,5,21
9/8/2022,3,5,33
9/9/2022,3,5,41
9/10/2022,3,5,28
9/11/2022,3,5,19
9/12/2022,3,5,29
9/13/2022,3,5,12
9/14/2022,3,5,28
9/15/2022,3,5,25
9/16/2022,3,5,20
9/17/2022,3,5,37
9/18/2022,3,5,12
9/19/2022,3,5,32
9/20/2022,3,5,23
9/21/2022,3,5,26
9/22/2022,3,5,34
9/23/2022,3,5,27
9/24/2022,3,5,43
9/25/2022,3,5,21
9/26/2022,3,5,29
9/27/2022,3,5,18
9/28/2022,3,5,18
9/29/2022,3,5,27
9/30/2022,3,5,24
10/1/2022,3,5,31
10/2/2022,3,5,23
10/3/2022,3,5,19
10/4/2022,3,5,20
10/5/2022,3,5,26
10/6/2022,3,5,23
10/7/2022,3,5,24
10/8/2022,3,5,23
10/9/2022,3,5,18
10/10/2022,3,5,16
10/11/2022,3,5,16
10/12/2022,3,5,18
10/13/2022,3,5,25
10/14/2022,3,5,35
10/15/2022,3,5,30
10/16/2022,3,5,24
10/17/2022,3,5,23
10/18/2022,3,5,32
10/19/2022,3,5,19
10/20/2022,3,5,23
10/21/2022,3,5,27
10/22/2022,3,5,32
10/23/2022,3,5,20
10/24/2022,3,5,25
10/25/2022,3,5,22
10/26/2022,3,5,22
10/27/2022,3,5,19
10/28/2022,3,5,30
10/29/2022,3,5,36
10/30/2022,3,5,20
10/31/2022,3,5,9
11/1/2022,3,5,22
11/2/2022,3,5,20
11/3/2022,3,5,23
11/4/2022,3,5,28
11/5/2022,3,5,30
11/6/2022,3,5,19
11/7/2022,3,5,21
11/8/2022,3,5,27
11/9/2022,3,5,33
11/10/2022,3,5,24
11/11/2022,3,5,26
11/12/2022,3,5,25
11/13/2022,3,5,20
11/14/2022,3,5,22
11/15/2022,3,5,24
11/16/2022,3,5,23
11/17/2022,3,5,20
11/18/2022,3,5,29
11/19/2022,3,5,27
11/20/2022,3,5,15
11/21/2022,3,5,30
11/22/2022,3,5,31
11/23/2022,3,5,16
11/24/2022,3,5,21
11/25/2022,3,5,31
11/26/2022,3,5,25
11/27/2022,3,5,17
11/28/2022,3,5,25
11/29/2022,3,5,27
11/30/2022,3,5,26
12/1/2022,3,5,26
12/2/2022,3,5,26
12/3/2022,3,5,22
12/4/2022,3,5,10
12/5/2022,3,5,20
12/6/2022,3,5,21
12/7/2022,3,5,26
12/8/2022,3,5,27
12/9/2022,3,5,22
12/10/2022,3,5,21
12/11/2022,3,5,20
12/12/2022,3,5,14
12/13/2022,3,5,20
12/14/2022,3,5,19
12/15/2022,3,5,15
12/16/2022,3,5,21
12/17/2022,3,5,18
12/18/2022,3,5,16
12/19/2022,3,5,19
12/20/2022,3,5,20
12/21/2022,3,5,22
12/22/2022,3,5,15
12/23/2022,3,5,23
12/24/2022,3,5,15
12/25/2022,3,5,16
12/26/2022,3,5,24
12/27/2022,3,5,17
12/28/2022,3,5,21
12/29/2022,3,5,24
12/30/2022,3,5,15
12/31/2022,3,5,21
