date,warehouse,item,sales
1/1/2018,1,2,33
1/2/2018,1,2,43
1/3/2018,1,2,23
1/4/2018,1,2,18
1/5/2018,1,2,34
1/6/2018,1,2,38
1/7/2018,1,2,27
1/8/2018,1,2,28
1/9/2018,1,2,34
1/10/2018,1,2,27
1/11/2018,1,2,28
1/12/2018,1,2,39
1/13/2018,1,2,28
1/14/2018,1,2,30
1/15/2018,1,2,27
1/16/2018,1,2,19
1/17/2018,1,2,29
1/18/2018,1,2,29
1/19/2018,1,2,44
1/20/2018,1,2,34
1/21/2018,1,2,15
1/22/2018,1,2,29
1/23/2018,1,2,21
1/24/2018,1,2,33
1/25/2018,1,2,29
1/26/2018,1,2,33
1/27/2018,1,2,32
1/28/2018,1,2,16
1/29/2018,1,2,35
1/30/2018,1,2,29
1/31/2018,1,2,27
2/1/2018,1,2,30
2/2/2018,1,2,26
2/3/2018,1,2,39
2/4/2018,1,2,30
2/5/2018,1,2,34
2/6/2018,1,2,22
2/7/2018,1,2,42
2/8/2018,1,2,27
2/9/2018,1,2,28
2/10/2018,1,2,34
2/11/2018,1,2,25
2/12/2018,1,2,39
2/13/2018,1,2,17
2/14/2018,1,2,35
2/15/2018,1,2,34
2/16/2018,1,2,39
2/17/2018,1,2,46
2/18/2018,1,2,31
2/19/2018,1,2,30
2/20/2018,1,2,24
2/21/2018,1,2,31
2/22/2018,1,2,40
2/23/2018,1,2,37
2/24/2018,1,2,33
2/25/2018,1,2,13
2/26/2018,1,2,33
2/27/2018,1,2,19
2/28/2018,1,2,35
3/1/2018,1,2,42
3/2/2018,1,2,49
3/3/2018,1,2,49
3/4/2018,1,2,33
3/5/2018,1,2,42
3/6/2018,1,2,43
3/7/2018,1,2,48
3/8/2018,1,2,43
3/9/2018,1,2,43
3/10/2018,1,2,43
3/11/2018,1,2,34
3/12/2018,1,2,30
3/13/2018,1,2,36
3/14/2018,1,2,44
3/15/2018,1,2,52
3/16/2018,1,2,58
3/17/2018,1,2,46
3/18/2018,1,2,37
3/19/2018,1,2,48
3/20/2018,1,2,43
3/21/2018,1,2,43
3/22/2018,1,2,30
3/23/2018,1,2,51
3/24/2018,1,2,40
3/25/2018,1,2,34
3/26/2018,1,2,27
3/27/2018,1,2,33
3/28/2018,1,2,38
3/29/2018,1,2,45
3/30/2018,1,2,51
3/31/2018,1,2,44
4/1/2018,1,2,40
4/2/2018,1,2,44
4/3/2018,1,2,40
4/4/2018,1,2,53
4/5/2018,1,2,45
4/6/2018,1,2,46
4/7/2018,1,2,57
4/8/2018,1,2,44
4/9/2018,1,2,31
4/10/2018,1,2,49
4/11/2018,1,2,41
4/12/2018,1,2,53
4/13/2018,1,2,50
4/14/2018,1,2,53
4/15/2018,1,2,28
4/16/2018,1,2,45
4/17/2018,1,2,45
4/18/2018,1,2,45
4/19/2018,1,2,58
4/20/2018,1,2,26
4/21/2018,1,2,48
4/22/2018,1,2,27
4/23/2018,1,2,38
4/24/2018,1,2,40
4/25/2018,1,2,51
4/26/2018,1,2,48
4/27/2018,1,2,42
4/28/2018,1,2,53
4/29/2018,1,2,36
4/30/2018,1,2,40
5/1/2018,1,2,51
5/2/2018,1,2,54
5/3/2018,1,2,49
5/4/2018,1,2,49
5/5/2018,1,2,60
5/6/2018,1,2,38
5/7/2018,1,2,43
5/8/2018,1,2,45
5/9/2018,1,2,46
5/10/2018,1,2,58
5/11/2018,1,2,63
5/12/2018,1,2,53
5/13/2018,1,2,49
5/14/2018,1,2,35
5/15/2018,1,2,43
5/16/2018,1,2,49
5/17/2018,1,2,45
5/18/2018,1,2,53
5/19/2018,1,2,53
5/20/2018,1,2,38
5/21/2018,1,2,53
5/22/2018,1,2,38
5/23/2018,1,2,69
5/24/2018,1,2,48
5/25/2018,1,2,45
5/26/2018,1,2,64
5/27/2018,1,2,38
5/28/2018,1,2,48
5/29/2018,1,2,44
5/30/2018,1,2,48
5/31/2018,1,2,58
6/1/2018,1,2,55
6/2/2018,1,2,51
6/3/2018,1,2,43
6/4/2018,1,2,41
6/5/2018,1,2,67
6/6/2018,1,2,43
6/7/2018,1,2,69
6/8/2018,1,2,52
6/9/2018,1,2,65
6/10/2018,1,2,48
6/11/2018,1,2,49
6/12/2018,1,2,56
6/13/2018,1,2,57
6/14/2018,1,2,58
6/15/2018,1,2,52
6/16/2018,1,2,52
6/17/2018,1,2,55
6/18/2018,1,2,45
6/19/2018,1,2,48
6/20/2018,1,2,44
6/21/2018,1,2,47
6/22/2018,1,2,60
6/23/2018,1,2,55
6/24/2018,1,2,60
6/25/2018,1,2,50
6/26/2018,1,2,69
6/27/2018,1,2,64
6/28/2018,1,2,71
6/29/2018,1,2,56
6/30/2018,1,2,61
7/1/2018,1,2,46
7/2/2018,1,2,48
7/3/2018,1,2,57
7/4/2018,1,2,50
7/5/2018,1,2,58
7/6/2018,1,2,73
7/7/2018,1,2,52
7/8/2018,1,2,47
7/9/2018,1,2,49
7/10/2018,1,2,56
7/11/2018,1,2,54
7/12/2018,1,2,46
7/13/2018,1,2,62
7/14/2018,1,2,82
7/15/2018,1,2,39
7/16/2018,1,2,57
7/17/2018,1,2,55
7/18/2018,1,2,58
7/19/2018,1,2,57
7/20/2018,1,2,78
7/21/2018,1,2,62
7/22/2018,1,2,45
7/23/2018,1,2,51
7/24/2018,1,2,47
7/25/2018,1,2,57
7/26/2018,1,2,68
7/27/2018,1,2,67
7/28/2018,1,2,74
7/29/2018,1,2,40
7/30/2018,1,2,60
7/31/2018,1,2,48
8/1/2018,1,2,53
8/2/2018,1,2,53
8/3/2018,1,2,62
8/4/2018,1,2,55
8/5/2018,1,2,47
8/6/2018,1,2,60
8/7/2018,1,2,41
8/8/2018,1,2,54
8/9/2018,1,2,69
8/10/2018,1,2,53
8/11/2018,1,2,64
8/12/2018,1,2,36
8/13/2018,1,2,42
8/14/2018,1,2,40
8/15/2018,1,2,45
8/16/2018,1,2,47
8/17/2018,1,2,60
8/18/2018,1,2,60
8/19/2018,1,2,39
8/20/2018,1,2,48
8/21/2018,1,2,52
8/22/2018,1,2,44
8/23/2018,1,2,44
8/24/2018,1,2,64
8/25/2018,1,2,54
8/26/2018,1,2,37
8/27/2018,1,2,55
8/28/2018,1,2,49
8/29/2018,1,2,48
8/30/2018,1,2,56
8/31/2018,1,2,60
9/1/2018,1,2,42
9/2/2018,1,2,38
9/3/2018,1,2,45
9/4/2018,1,2,42
9/5/2018,1,2,45
9/6/2018,1,2,43
9/7/2018,1,2,60
9/8/2018,1,2,44
9/9/2018,1,2,36
9/10/2018,1,2,40
9/11/2018,1,2,47
9/12/2018,1,2,59
9/13/2018,1,2,50
9/14/2018,1,2,44
9/15/2018,1,2,46
9/16/2018,1,2,34
9/17/2018,1,2,43
9/18/2018,1,2,47
9/19/2018,1,2,47
9/20/2018,1,2,44
9/21/2018,1,2,56
9/22/2018,1,2,60
9/23/2018,1,2,39
9/24/2018,1,2,40
9/25/2018,1,2,39
9/26/2018,1,2,47
9/27/2018,1,2,54
9/28/2018,1,2,44
9/29/2018,1,2,56
9/30/2018,1,2,22
10/1/2018,1,2,36
10/2/2018,1,2,44
10/3/2018,1,2,31
10/4/2018,1,2,38
10/5/2018,1,2,52
10/6/2018,1,2,42
10/7/2018,1,2,40
10/8/2018,1,2,30
10/9/2018,1,2,45
10/10/2018,1,2,58
10/11/2018,1,2,45
10/12/2018,1,2,43
10/13/2018,1,2,53
10/14/2018,1,2,44
10/15/2018,1,2,32
10/16/2018,1,2,40
10/17/2018,1,2,51
10/18/2018,1,2,38
10/19/2018,1,2,46
10/20/2018,1,2,57
10/21/2018,1,2,33
10/22/2018,1,2,49
10/23/2018,1,2,45
10/24/2018,1,2,43
10/25/2018,1,2,32
10/26/2018,1,2,52
10/27/2018,1,2,54
10/28/2018,1,2,38
10/29/2018,1,2,34
10/30/2018,1,2,41
10/31/2018,1,2,44
11/1/2018,1,2,51
11/2/2018,1,2,50
11/3/2018,1,2,52
11/4/2018,1,2,32
11/5/2018,1,2,40
11/6/2018,1,2,41
11/7/2018,1,2,47
11/8/2018,1,2,43
11/9/2018,1,2,53
11/10/2018,1,2,68
11/11/2018,1,2,40
11/12/2018,1,2,41
11/13/2018,1,2,40
11/14/2018,1,2,53
11/15/2018,1,2,60
11/16/2018,1,2,54
11/17/2018,1,2,46
11/18/2018,1,2,24
11/19/2018,1,2,47
11/20/2018,1,2,40
11/21/2018,1,2,46
11/22/2018,1,2,53
11/23/2018,1,2,49
11/24/2018,1,2,63
11/25/2018,1,2,30
11/26/2018,1,2,55
11/27/2018,1,2,49
11/28/2018,1,2,54
11/29/2018,1,2,50
11/30/2018,1,2,56
12/1/2018,1,2,42
12/2/2018,1,2,31
12/3/2018,1,2,24
12/4/2018,1,2,31
12/5/2018,1,2,24
12/6/2018,1,2,33
12/7/2018,1,2,33
12/8/2018,1,2,43
12/9/2018,1,2,24
12/10/2018,1,2,24
12/11/2018,1,2,21
12/12/2018,1,2,32
12/13/2018,1,2,36
12/14/2018,1,2,40
12/15/2018,1,2,50
12/16/2018,1,2,19
12/17/2018,1,2,28
12/18/2018,1,2,38
12/19/2018,1,2,30
12/20/2018,1,2,30
12/21/2018,1,2,38
12/22/2018,1,2,37
12/23/2018,1,2,29
12/24/2018,1,2,24
12/25/2018,1,2,38
12/26/2018,1,2,48
12/27/2018,1,2,40
12/28/2018,1,2,32
12/29/2018,1,2,46
12/30/2018,1,2,28
12/31/2018,1,2,30
1/1/2019,1,2,33
1/2/2019,1,2,37
1/3/2019,1,2,52
1/4/2019,1,2,33
1/5/2019,1,2,49
1/6/2019,1,2,29
1/7/2019,1,2,46
1/8/2019,1,2,35
1/9/2019,1,2,44
1/10/2019,1,2,41
1/11/2019,1,2,39
1/12/2019,1,2,34
1/13/2019,1,2,22
1/14/2019,1,2,34
1/15/2019,1,2,33
1/16/2019,1,2,33
1/17/2019,1,2,31
1/18/2019,1,2,52
1/19/2019,1,2,41
1/20/2019,1,2,28
1/21/2019,1,2,25
1/22/2019,1,2,35
1/23/2019,1,2,34
1/24/2019,1,2,42
1/25/2019,1,2,27
1/26/2019,1,2,43
1/27/2019,1,2,19
1/28/2019,1,2,39
1/29/2019,1,2,29
1/30/2019,1,2,37
1/31/2019,1,2,40
2/1/2019,1,2,43
2/2/2019,1,2,51
2/3/2019,1,2,24
2/4/2019,1,2,27
2/5/2019,1,2,40
2/6/2019,1,2,43
2/7/2019,1,2,46
2/8/2019,1,2,43
2/9/2019,1,2,41
2/10/2019,1,2,35
2/11/2019,1,2,30
2/12/2019,1,2,43
2/13/2019,1,2,40
2/14/2019,1,2,41
2/15/2019,1,2,44
2/16/2019,1,2,48
2/17/2019,1,2,37
2/18/2019,1,2,42
2/19/2019,1,2,28
2/20/2019,1,2,46
2/21/2019,1,2,35
2/22/2019,1,2,42
2/23/2019,1,2,47
2/24/2019,1,2,39
2/25/2019,1,2,36
2/26/2019,1,2,44
2/27/2019,1,2,47
2/28/2019,1,2,53
3/1/2019,1,2,45
3/2/2019,1,2,60
3/3/2019,1,2,44
3/4/2019,1,2,38
3/5/2019,1,2,38
3/6/2019,1,2,46
3/7/2019,1,2,45
3/8/2019,1,2,49
3/9/2019,1,2,57
3/10/2019,1,2,44
3/11/2019,1,2,36
3/12/2019,1,2,42
3/13/2019,1,2,43
3/14/2019,1,2,52
3/15/2019,1,2,55
3/16/2019,1,2,53
3/17/2019,1,2,33
3/18/2019,1,2,47
3/19/2019,1,2,47
3/20/2019,1,2,36
3/21/2019,1,2,50
3/22/2019,1,2,46
3/23/2019,1,2,44
3/24/2019,1,2,28
3/25/2019,1,2,38
3/26/2019,1,2,44
3/27/2019,1,2,41
3/28/2019,1,2,43
3/29/2019,1,2,49
3/30/2019,1,2,70
3/31/2019,1,2,43
4/1/2019,1,2,51
4/2/2019,1,2,48
4/3/2019,1,2,48
4/4/2019,1,2,65
4/5/2019,1,2,47
4/6/2019,1,2,74
4/7/2019,1,2,30
4/8/2019,1,2,61
4/9/2019,1,2,45
4/10/2019,1,2,60
4/11/2019,1,2,68
4/12/2019,1,2,73
4/13/2019,1,2,73
4/14/2019,1,2,47
4/15/2019,1,2,42
4/16/2019,1,2,52
4/17/2019,1,2,41
4/18/2019,1,2,50
4/19/2019,1,2,63
4/20/2019,1,2,87
4/21/2019,1,2,36
4/22/2019,1,2,59
4/23/2019,1,2,59
4/24/2019,1,2,46
4/25/2019,1,2,67
4/26/2019,1,2,61
4/27/2019,1,2,69
4/28/2019,1,2,29
4/29/2019,1,2,48
4/30/2019,1,2,46
5/1/2019,1,2,46
5/2/2019,1,2,74
5/3/2019,1,2,65
5/4/2019,1,2,82
5/5/2019,1,2,39
5/6/2019,1,2,63
5/7/2019,1,2,61
5/8/2019,1,2,60
5/9/2019,1,2,66
5/10/2019,1,2,67
5/11/2019,1,2,78
5/12/2019,1,2,47
5/13/2019,1,2,53
5/14/2019,1,2,52
5/15/2019,1,2,50
5/16/2019,1,2,56
5/17/2019,1,2,71
5/18/2019,1,2,77
5/19/2019,1,2,49
5/20/2019,1,2,62
5/21/2019,1,2,55
5/22/2019,1,2,59
5/23/2019,1,2,57
5/24/2019,1,2,61
5/25/2019,1,2,88
5/26/2019,1,2,43
5/27/2019,1,2,51
5/28/2019,1,2,60
5/29/2019,1,2,51
5/30/2019,1,2,67
5/31/2019,1,2,60
6/1/2019,1,2,76
6/2/2019,1,2,48
6/3/2019,1,2,53
6/4/2019,1,2,63
6/5/2019,1,2,55
6/6/2019,1,2,77
6/7/2019,1,2,62
6/8/2019,1,2,75
6/9/2019,1,2,50
6/10/2019,1,2,57
6/11/2019,1,2,55
6/12/2019,1,2,69
6/13/2019,1,2,69
6/14/2019,1,2,61
6/15/2019,1,2,64
6/16/2019,1,2,48
6/17/2019,1,2,69
6/18/2019,1,2,61
6/19/2019,1,2,48
6/20/2019,1,2,55
6/21/2019,1,2,70
6/22/2019,1,2,59
6/23/2019,1,2,58
6/24/2019,1,2,66
6/25/2019,1,2,58
6/26/2019,1,2,64
6/27/2019,1,2,74
6/28/2019,1,2,70
6/29/2019,1,2,64
6/30/2019,1,2,51
7/1/2019,1,2,61
7/2/2019,1,2,59
7/3/2019,1,2,68
7/4/2019,1,2,56
7/5/2019,1,2,58
7/6/2019,1,2,77
7/7/2019,1,2,38
7/8/2019,1,2,56
7/9/2019,1,2,58
7/10/2019,1,2,55
7/11/2019,1,2,58
7/12/2019,1,2,73
7/13/2019,1,2,102
7/14/2019,1,2,52
7/15/2019,1,2,61
7/16/2019,1,2,53
7/17/2019,1,2,73
7/18/2019,1,2,71
7/19/2019,1,2,72
7/20/2019,1,2,75
7/21/2019,1,2,70
7/22/2019,1,2,71
7/23/2019,1,2,66
7/24/2019,1,2,65
7/25/2019,1,2,74
7/26/2019,1,2,73
7/27/2019,1,2,92
7/28/2019,1,2,48
7/29/2019,1,2,71
7/30/2019,1,2,64
7/31/2019,1,2,69
8/1/2019,1,2,66
8/2/2019,1,2,71
8/3/2019,1,2,86
8/4/2019,1,2,50
8/5/2019,1,2,48
8/6/2019,1,2,48
8/7/2019,1,2,63
8/8/2019,1,2,49
8/9/2019,1,2,63
8/10/2019,1,2,64
8/11/2019,1,2,56
8/12/2019,1,2,57
8/13/2019,1,2,47
8/14/2019,1,2,47
8/15/2019,1,2,62
8/16/2019,1,2,52
8/17/2019,1,2,57
8/18/2019,1,2,53
8/19/2019,1,2,56
8/20/2019,1,2,51
8/21/2019,1,2,55
8/22/2019,1,2,63
8/23/2019,1,2,71
8/24/2019,1,2,75
8/25/2019,1,2,38
8/26/2019,1,2,56
8/27/2019,1,2,70
8/28/2019,1,2,53
8/29/2019,1,2,67
8/30/2019,1,2,58
8/31/2019,1,2,71
9/1/2019,1,2,43
9/2/2019,1,2,49
9/3/2019,1,2,46
9/4/2019,1,2,45
9/5/2019,1,2,57
9/6/2019,1,2,59
9/7/2019,1,2,63
9/8/2019,1,2,49
9/9/2019,1,2,41
9/10/2019,1,2,46
9/11/2019,1,2,56
9/12/2019,1,2,42
9/13/2019,1,2,57
9/14/2019,1,2,61
9/15/2019,1,2,32
9/16/2019,1,2,51
9/17/2019,1,2,54
9/18/2019,1,2,46
9/19/2019,1,2,71
9/20/2019,1,2,58
9/21/2019,1,2,50
9/22/2019,1,2,40
9/23/2019,1,2,35
9/24/2019,1,2,54
9/25/2019,1,2,58
9/26/2019,1,2,63
9/27/2019,1,2,64
9/28/2019,1,2,51
9/29/2019,1,2,51
9/30/2019,1,2,47
10/1/2019,1,2,37
10/2/2019,1,2,46
10/3/2019,1,2,55
10/4/2019,1,2,59
10/5/2019,1,2,70
10/6/2019,1,2,40
10/7/2019,1,2,45
10/8/2019,1,2,45
10/9/2019,1,2,43
10/10/2019,1,2,51
10/11/2019,1,2,61
10/12/2019,1,2,52
10/13/2019,1,2,34
10/14/2019,1,2,43
10/15/2019,1,2,35
10/16/2019,1,2,44
10/17/2019,1,2,43
10/18/2019,1,2,46
10/19/2019,1,2,49
10/20/2019,1,2,42
10/21/2019,1,2,55
10/22/2019,1,2,43
10/23/2019,1,2,34
10/24/2019,1,2,63
10/25/2019,1,2,69
10/26/2019,1,2,70
10/27/2019,1,2,41
10/28/2019,1,2,41
10/29/2019,1,2,43
10/30/2019,1,2,46
10/31/2019,1,2,61
11/1/2019,1,2,50
11/2/2019,1,2,63
11/3/2019,1,2,38
11/4/2019,1,2,58
11/5/2019,1,2,62
11/6/2019,1,2,51
11/7/2019,1,2,48
11/8/2019,1,2,65
11/9/2019,1,2,59
11/10/2019,1,2,46
11/11/2019,1,2,47
11/12/2019,1,2,50
11/13/2019,1,2,53
11/14/2019,1,2,51
11/15/2019,1,2,53
11/16/2019,1,2,76
11/17/2019,1,2,43
11/18/2019,1,2,61
11/19/2019,1,2,50
11/20/2019,1,2,56
11/21/2019,1,2,53
11/22/2019,1,2,60
11/23/2019,1,2,57
11/24/2019,1,2,42
11/25/2019,1,2,48
11/26/2019,1,2,48
11/27/2019,1,2,53
11/28/2019,1,2,52
11/29/2019,1,2,50
11/30/2019,1,2,52
12/1/2019,1,2,36
12/2/2019,1,2,42
12/3/2019,1,2,37
12/4/2019,1,2,47
12/5/2019,1,2,45
12/6/2019,1,2,44
12/7/2019,1,2,49
12/8/2019,1,2,34
12/9/2019,1,2,38
12/10/2019,1,2,33
12/11/2019,1,2,44
12/12/2019,1,2,28
12/13/2019,1,2,34
12/14/2019,1,2,50
12/15/2019,1,2,28
12/16/2019,1,2,43
12/17/2019,1,2,32
12/18/2019,1,2,32
12/19/2019,1,2,38
12/20/2019,1,2,44
12/21/2019,1,2,40
12/22/2019,1,2,27
12/23/2019,1,2,44
12/24/2019,1,2,36
12/25/2019,1,2,36
12/26/2019,1,2,41
12/27/2019,1,2,52
12/28/2019,1,2,42
12/29/2019,1,2,32
12/30/2019,1,2,37
12/31/2019,1,2,46
1/1/2020,1,2,36
1/2/2020,1,2,45
1/3/2020,1,2,41
1/4/2020,1,2,49
1/5/2020,1,2,25
1/6/2020,1,2,27
1/7/2020,1,2,26
1/8/2020,1,2,42
1/9/2020,1,2,39
1/10/2020,1,2,32
1/11/2020,1,2,43
1/12/2020,1,2,17
1/13/2020,1,2,32
1/14/2020,1,2,27
1/15/2020,1,2,34
1/16/2020,1,2,39
1/17/2020,1,2,44
1/18/2020,1,2,33
1/19/2020,1,2,30
1/20/2020,1,2,39
1/21/2020,1,2,41
1/22/2020,1,2,34
1/23/2020,1,2,36
1/24/2020,1,2,47
1/25/2020,1,2,49
1/26/2020,1,2,30
1/27/2020,1,2,36
1/28/2020,1,2,29
1/29/2020,1,2,38
1/30/2020,1,2,34
1/31/2020,1,2,40
2/1/2020,1,2,55
2/2/2020,1,2,33
2/3/2020,1,2,36
2/4/2020,1,2,28
2/5/2020,1,2,38
2/6/2020,1,2,44
2/7/2020,1,2,40
2/8/2020,1,2,50
2/9/2020,1,2,37
2/10/2020,1,2,46
2/11/2020,1,2,34
2/12/2020,1,2,43
2/13/2020,1,2,47
2/14/2020,1,2,45
2/15/2020,1,2,53
2/16/2020,1,2,26
2/17/2020,1,2,47
2/18/2020,1,2,39
2/19/2020,1,2,43
2/20/2020,1,2,30
2/21/2020,1,2,50
2/22/2020,1,2,53
2/23/2020,1,2,33
2/24/2020,1,2,41
2/25/2020,1,2,32
2/26/2020,1,2,39
2/27/2020,1,2,54
2/28/2020,1,2,41
3/1/2020,1,2,57
3/2/2020,1,2,33
3/3/2020,1,2,32
3/4/2020,1,2,39
3/5/2020,1,2,61
3/6/2020,1,2,64
3/7/2020,1,2,65
3/8/2020,1,2,61
3/9/2020,1,2,50
3/10/2020,1,2,55
3/11/2020,1,2,45
3/12/2020,1,2,46
3/13/2020,1,2,50
3/14/2020,1,2,63
3/15/2020,1,2,58
3/16/2020,1,2,48
3/17/2020,1,2,39
3/18/2020,1,2,44
3/19/2020,1,2,33
3/20/2020,1,2,61
3/21/2020,1,2,41
3/22/2020,1,2,60
3/23/2020,1,2,45
3/24/2020,1,2,42
3/25/2020,1,2,46
3/26/2020,1,2,42
3/27/2020,1,2,61
3/28/2020,1,2,65
3/29/2020,1,2,55
3/30/2020,1,2,32
3/31/2020,1,2,43
4/1/2020,1,2,48
4/2/2020,1,2,60
4/3/2020,1,2,47
4/4/2020,1,2,64
4/5/2020,1,2,79
4/6/2020,1,2,55
4/7/2020,1,2,51
4/8/2020,1,2,53
4/9/2020,1,2,61
4/10/2020,1,2,53
4/11/2020,1,2,69
4/12/2020,1,2,61
4/13/2020,1,2,39
4/14/2020,1,2,43
4/15/2020,1,2,41
4/16/2020,1,2,69
4/17/2020,1,2,58
4/18/2020,1,2,60
4/19/2020,1,2,65
4/20/2020,1,2,41
4/21/2020,1,2,56
4/22/2020,1,2,49
4/23/2020,1,2,67
4/24/2020,1,2,61
4/25/2020,1,2,70
4/26/2020,1,2,66
4/27/2020,1,2,40
4/28/2020,1,2,57
4/29/2020,1,2,53
4/30/2020,1,2,64
5/1/2020,1,2,62
5/2/2020,1,2,77
5/3/2020,1,2,85
5/4/2020,1,2,51
5/5/2020,1,2,50
5/6/2020,1,2,60
5/7/2020,1,2,69
5/8/2020,1,2,60
5/9/2020,1,2,61
5/10/2020,1,2,78
5/11/2020,1,2,57
5/12/2020,1,2,57
5/13/2020,1,2,58
5/14/2020,1,2,61
5/15/2020,1,2,59
5/16/2020,1,2,77
5/17/2020,1,2,61
5/18/2020,1,2,50
5/19/2020,1,2,58
5/20/2020,1,2,48
5/21/2020,1,2,60
5/22/2020,1,2,68
5/23/2020,1,2,65
5/24/2020,1,2,81
5/25/2020,1,2,44
5/26/2020,1,2,66
5/27/2020,1,2,57
5/28/2020,1,2,72
5/29/2020,1,2,45
5/30/2020,1,2,65
5/31/2020,1,2,79
6/1/2020,1,2,49
6/2/2020,1,2,55
6/3/2020,1,2,56
6/4/2020,1,2,66
6/5/2020,1,2,65
6/6/2020,1,2,82
6/7/2020,1,2,76
6/8/2020,1,2,44
6/9/2020,1,2,62
6/10/2020,1,2,61
6/11/2020,1,2,38
6/12/2020,1,2,55
6/13/2020,1,2,71
6/14/2020,1,2,76
6/15/2020,1,2,45
6/16/2020,1,2,46
6/17/2020,1,2,78
6/18/2020,1,2,53
6/19/2020,1,2,68
6/20/2020,1,2,71
6/21/2020,1,2,69
6/22/2020,1,2,60
6/23/2020,1,2,50
6/24/2020,1,2,65
6/25/2020,1,2,52
6/26/2020,1,2,48
6/27/2020,1,2,55
6/28/2020,1,2,74
6/29/2020,1,2,67
6/30/2020,1,2,71
7/1/2020,1,2,48
7/2/2020,1,2,65
7/3/2020,1,2,62
7/4/2020,1,2,90
7/5/2020,1,2,84
7/6/2020,1,2,43
7/7/2020,1,2,62
7/8/2020,1,2,57
7/9/2020,1,2,74
7/10/2020,1,2,60
7/11/2020,1,2,67
7/12/2020,1,2,59
7/13/2020,1,2,53
7/14/2020,1,2,54
7/15/2020,1,2,72
7/16/2020,1,2,62
7/17/2020,1,2,76
7/18/2020,1,2,71
7/19/2020,1,2,76
7/20/2020,1,2,41
7/21/2020,1,2,60
7/22/2020,1,2,57
7/23/2020,1,2,44
7/24/2020,1,2,68
7/25/2020,1,2,72
7/26/2020,1,2,65
7/27/2020,1,2,47
7/28/2020,1,2,67
7/29/2020,1,2,53
7/30/2020,1,2,78
7/31/2020,1,2,80
8/1/2020,1,2,64
8/2/2020,1,2,82
8/3/2020,1,2,44
8/4/2020,1,2,58
8/5/2020,1,2,54
8/6/2020,1,2,65
8/7/2020,1,2,74
8/8/2020,1,2,58
8/9/2020,1,2,69
8/10/2020,1,2,45
8/11/2020,1,2,56
8/12/2020,1,2,59
8/13/2020,1,2,63
8/14/2020,1,2,70
8/15/2020,1,2,67
8/16/2020,1,2,66
8/17/2020,1,2,54
8/18/2020,1,2,50
8/19/2020,1,2,62
8/20/2020,1,2,48
8/21/2020,1,2,76
8/22/2020,1,2,75
8/23/2020,1,2,73
8/24/2020,1,2,46
8/25/2020,1,2,54
8/26/2020,1,2,66
8/27/2020,1,2,68
8/28/2020,1,2,73
8/29/2020,1,2,63
8/30/2020,1,2,66
8/31/2020,1,2,47
9/1/2020,1,2,54
9/2/2020,1,2,55
9/3/2020,1,2,49
9/4/2020,1,2,58
9/5/2020,1,2,65
9/6/2020,1,2,67
9/7/2020,1,2,46
9/8/2020,1,2,37
9/9/2020,1,2,44
9/10/2020,1,2,53
9/11/2020,1,2,63
9/12/2020,1,2,74
9/13/2020,1,2,64
9/14/2020,1,2,37
9/15/2020,1,2,42
9/16/2020,1,2,55
9/17/2020,1,2,47
9/18/2020,1,2,68
9/19/2020,1,2,61
9/20/2020,1,2,44
9/21/2020,1,2,43
9/22/2020,1,2,55
9/23/2020,1,2,48
9/24/2020,1,2,50
9/25/2020,1,2,50
9/26/2020,1,2,68
9/27/2020,1,2,67
9/28/2020,1,2,46
9/29/2020,1,2,51
9/30/2020,1,2,64
10/1/2020,1,2,47
10/2/2020,1,2,53
10/3/2020,1,2,66
10/4/2020,1,2,64
10/5/2020,1,2,48
10/6/2020,1,2,39
10/7/2020,1,2,42
10/8/2020,1,2,45
10/9/2020,1,2,56
10/10/2020,1,2,46
10/11/2020,1,2,81
10/12/2020,1,2,38
10/13/2020,1,2,46
10/14/2020,1,2,40
10/15/2020,1,2,59
10/16/2020,1,2,55
10/17/2020,1,2,69
10/18/2020,1,2,71
10/19/2020,1,2,45
10/20/2020,1,2,54
10/21/2020,1,2,46
10/22/2020,1,2,68
10/23/2020,1,2,46
10/24/2020,1,2,62
10/25/2020,1,2,55
10/26/2020,1,2,36
10/27/2020,1,2,50
10/28/2020,1,2,35
10/29/2020,1,2,44
10/30/2020,1,2,59
10/31/2020,1,2,57
11/1/2020,1,2,68
11/2/2020,1,2,42
11/3/2020,1,2,56
11/4/2020,1,2,65
11/5/2020,1,2,54
11/6/2020,1,2,67
11/7/2020,1,2,55
11/8/2020,1,2,68
11/9/2020,1,2,35
11/10/2020,1,2,53
11/11/2020,1,2,58
11/12/2020,1,2,55
11/13/2020,1,2,54
11/14/2020,1,2,51
11/15/2020,1,2,68
11/16/2020,1,2,47
11/17/2020,1,2,52
11/18/2020,1,2,62
11/19/2020,1,2,67
11/20/2020,1,2,51
11/21/2020,1,2,54
11/22/2020,1,2,66
11/23/2020,1,2,44
11/24/2020,1,2,53
11/25/2020,1,2,50
11/26/2020,1,2,60
11/27/2020,1,2,55
11/28/2020,1,2,69
11/29/2020,1,2,62
11/30/2020,1,2,39
12/1/2020,1,2,42
12/2/2020,1,2,32
12/3/2020,1,2,43
12/4/2020,1,2,42
12/5/2020,1,2,50
12/6/2020,1,2,54
12/7/2020,1,2,34
12/8/2020,1,2,38
12/9/2020,1,2,33
12/10/2020,1,2,43
12/11/2020,1,2,37
12/12/2020,1,2,38
12/13/2020,1,2,46
12/14/2020,1,2,23
12/15/2020,1,2,36
12/16/2020,1,2,42
12/17/2020,1,2,37
12/18/2020,1,2,36
12/19/2020,1,2,48
12/20/2020,1,2,47
12/21/2020,1,2,33
12/22/2020,1,2,22
12/23/2020,1,2,41
12/24/2020,1,2,31
12/25/2020,1,2,37
12/26/2020,1,2,59
12/27/2020,1,2,55
12/28/2020,1,2,35
12/29/2020,1,2,43
12/30/2020,1,2,34
12/31/2020,1,2,36
1/1/2021,1,2,32
1/2/2021,1,2,43
1/3/2021,1,2,47
1/4/2021,1,2,22
1/5/2021,1,2,34
1/6/2021,1,2,38
1/7/2021,1,2,45
1/8/2021,1,2,34
1/9/2021,1,2,52
1/10/2021,1,2,44
1/11/2021,1,2,33
1/12/2021,1,2,52
1/13/2021,1,2,36
1/14/2021,1,2,45
1/15/2021,1,2,48
1/16/2021,1,2,35
1/17/2021,1,2,54
1/18/2021,1,2,30
1/19/2021,1,2,23
1/20/2021,1,2,41
1/21/2021,1,2,48
1/22/2021,1,2,48
1/23/2021,1,2,48
1/24/2021,1,2,48
1/25/2021,1,2,38
1/26/2021,1,2,38
1/27/2021,1,2,31
1/28/2021,1,2,35
1/29/2021,1,2,40
1/30/2021,1,2,42
1/31/2021,1,2,44
2/1/2021,1,2,53
2/2/2021,1,2,34
2/3/2021,1,2,52
2/4/2021,1,2,45
2/5/2021,1,2,49
2/6/2021,1,2,48
2/7/2021,1,2,55
2/8/2021,1,2,30
2/9/2021,1,2,45
2/10/2021,1,2,41
2/11/2021,1,2,52
2/12/2021,1,2,46
2/13/2021,1,2,44
2/14/2021,1,2,44
2/15/2021,1,2,33
2/16/2021,1,2,39
2/17/2021,1,2,45
2/18/2021,1,2,56
2/19/2021,1,2,46
2/20/2021,1,2,43
2/21/2021,1,2,49
2/22/2021,1,2,41
2/23/2021,1,2,44
2/24/2021,1,2,28
2/25/2021,1,2,48
2/26/2021,1,2,41
2/27/2021,1,2,43
2/28/2021,1,2,41
2/29/2021,1,2,35
3/1/2021,1,2,57
3/2/2021,1,2,45
3/3/2021,1,2,58
3/4/2021,1,2,61
3/5/2021,1,2,71
3/6/2021,1,2,66
3/7/2021,1,2,44
3/8/2021,1,2,35
3/9/2021,1,2,54
3/10/2021,1,2,42
3/11/2021,1,2,44
3/12/2021,1,2,61
3/13/2021,1,2,59
3/14/2021,1,2,43
3/15/2021,1,2,44
3/16/2021,1,2,46
3/17/2021,1,2,54
3/18/2021,1,2,62
3/19/2021,1,2,53
3/20/2021,1,2,63
3/21/2021,1,2,39
3/22/2021,1,2,52
3/23/2021,1,2,49
3/24/2021,1,2,54
3/25/2021,1,2,61
3/26/2021,1,2,53
3/27/2021,1,2,66
3/28/2021,1,2,39
3/29/2021,1,2,47
3/30/2021,1,2,49
3/31/2021,1,2,57
4/1/2021,1,2,73
4/2/2021,1,2,58
4/3/2021,1,2,85
4/4/2021,1,2,48
4/5/2021,1,2,52
4/6/2021,1,2,67
4/7/2021,1,2,54
4/8/2021,1,2,71
4/9/2021,1,2,68
4/10/2021,1,2,74
4/11/2021,1,2,36
4/12/2021,1,2,55
4/13/2021,1,2,56
4/14/2021,1,2,71
4/15/2021,1,2,60
4/16/2021,1,2,66
4/17/2021,1,2,60
4/18/2021,1,2,45
4/19/2021,1,2,50
4/20/2021,1,2,57
4/21/2021,1,2,60
4/22/2021,1,2,65
4/23/2021,1,2,71
4/24/2021,1,2,56
4/25/2021,1,2,36
4/26/2021,1,2,59
4/27/2021,1,2,62
4/28/2021,1,2,59
4/29/2021,1,2,52
4/30/2021,1,2,65
5/1/2021,1,2,87
5/2/2021,1,2,54
5/3/2021,1,2,67
5/4/2021,1,2,57
5/5/2021,1,2,50
5/6/2021,1,2,85
5/7/2021,1,2,82
5/8/2021,1,2,64
5/9/2021,1,2,49
5/10/2021,1,2,58
5/11/2021,1,2,71
5/12/2021,1,2,68
5/13/2021,1,2,61
5/14/2021,1,2,74
5/15/2021,1,2,65
5/16/2021,1,2,50
5/17/2021,1,2,61
5/18/2021,1,2,51
5/19/2021,1,2,69
5/20/2021,1,2,78
5/21/2021,1,2,65
5/22/2021,1,2,76
5/23/2021,1,2,50
5/24/2021,1,2,62
5/25/2021,1,2,54
5/26/2021,1,2,65
5/27/2021,1,2,60
5/28/2021,1,2,81
5/29/2021,1,2,79
5/30/2021,1,2,48
5/31/2021,1,2,62
6/1/2021,1,2,68
6/2/2021,1,2,60
6/3/2021,1,2,77
6/4/2021,1,2,103
6/5/2021,1,2,66
6/6/2021,1,2,52
6/7/2021,1,2,63
6/8/2021,1,2,61
6/9/2021,1,2,62
6/10/2021,1,2,51
6/11/2021,1,2,84
6/12/2021,1,2,77
6/13/2021,1,2,51
6/14/2021,1,2,70
6/15/2021,1,2,56
6/16/2021,1,2,61
6/17/2021,1,2,71
6/18/2021,1,2,97
6/19/2021,1,2,96
6/20/2021,1,2,54
6/21/2021,1,2,62
6/22/2021,1,2,69
6/23/2021,1,2,80
6/24/2021,1,2,66
6/25/2021,1,2,82
6/26/2021,1,2,70
6/27/2021,1,2,57
6/28/2021,1,2,60
6/29/2021,1,2,65
6/30/2021,1,2,71
7/1/2021,1,2,85
7/2/2021,1,2,95
7/3/2021,1,2,90
7/4/2021,1,2,63
7/5/2021,1,2,74
7/6/2021,1,2,75
7/7/2021,1,2,82
7/8/2021,1,2,90
7/9/2021,1,2,74
7/10/2021,1,2,89
7/11/2021,1,2,61
7/12/2021,1,2,75
7/13/2021,1,2,61
7/14/2021,1,2,79
7/15/2021,1,2,66
7/16/2021,1,2,84
7/17/2021,1,2,104
7/18/2021,1,2,74
7/19/2021,1,2,59
7/20/2021,1,2,63
7/21/2021,1,2,74
7/22/2021,1,2,75
7/23/2021,1,2,79
7/24/2021,1,2,80
7/25/2021,1,2,62
7/26/2021,1,2,66
7/27/2021,1,2,70
7/28/2021,1,2,71
7/29/2021,1,2,84
7/30/2021,1,2,89
7/31/2021,1,2,94
8/1/2021,1,2,60
8/2/2021,1,2,53
8/3/2021,1,2,58
8/4/2021,1,2,56
8/5/2021,1,2,61
8/6/2021,1,2,65
8/7/2021,1,2,84
8/8/2021,1,2,48
8/9/2021,1,2,65
8/10/2021,1,2,55
8/11/2021,1,2,64
8/12/2021,1,2,76
8/13/2021,1,2,65
8/14/2021,1,2,100
8/15/2021,1,2,55
8/16/2021,1,2,52
8/17/2021,1,2,57
8/18/2021,1,2,67
8/19/2021,1,2,60
8/20/2021,1,2,66
8/21/2021,1,2,88
8/22/2021,1,2,47
8/23/2021,1,2,58
8/24/2021,1,2,71
8/25/2021,1,2,60
8/26/2021,1,2,82
8/27/2021,1,2,81
8/28/2021,1,2,89
8/29/2021,1,2,60
8/30/2021,1,2,50
8/31/2021,1,2,63
9/1/2021,1,2,53
9/2/2021,1,2,74
9/3/2021,1,2,84
9/4/2021,1,2,77
9/5/2021,1,2,47
9/6/2021,1,2,55
9/7/2021,1,2,59
9/8/2021,1,2,56
9/9/2021,1,2,51
9/10/2021,1,2,59
9/11/2021,1,2,62
9/12/2021,1,2,46
9/13/2021,1,2,51
9/14/2021,1,2,67
9/15/2021,1,2,52
9/16/2021,1,2,47
9/17/2021,1,2,66
9/18/2021,1,2,71
9/19/2021,1,2,52
9/20/2021,1,2,52
9/21/2021,1,2,64
9/22/2021,1,2,56
9/23/2021,1,2,60
9/24/2021,1,2,76
9/25/2021,1,2,91
9/26/2021,1,2,51
9/27/2021,1,2,45
9/28/2021,1,2,57
9/29/2021,1,2,59
9/30/2021,1,2,67
10/1/2021,1,2,69
10/2/2021,1,2,64
10/3/2021,1,2,39
10/4/2021,1,2,51
10/5/2021,1,2,56
10/6/2021,1,2,61
10/7/2021,1,2,56
10/8/2021,1,2,70
10/9/2021,1,2,66
10/10/2021,1,2,51
10/11/2021,1,2,54
10/12/2021,1,2,51
10/13/2021,1,2,67
10/14/2021,1,2,80
10/15/2021,1,2,62
10/16/2021,1,2,66
10/17/2021,1,2,46
10/18/2021,1,2,50
10/19/2021,1,2,59
10/20/2021,1,2,62
10/21/2021,1,2,51
10/22/2021,1,2,70
10/23/2021,1,2,69
10/24/2021,1,2,49
10/25/2021,1,2,58
10/26/2021,1,2,49
10/27/2021,1,2,52
10/28/2021,1,2,67
10/29/2021,1,2,59
10/30/2021,1,2,58
10/31/2021,1,2,44
11/1/2021,1,2,50
11/2/2021,1,2,67
11/3/2021,1,2,55
11/4/2021,1,2,79
11/5/2021,1,2,57
11/6/2021,1,2,66
11/7/2021,1,2,43
11/8/2021,1,2,54
11/9/2021,1,2,68
11/10/2021,1,2,76
11/11/2021,1,2,69
11/12/2021,1,2,64
11/13/2021,1,2,76
11/14/2021,1,2,49
11/15/2021,1,2,57
11/16/2021,1,2,50
11/17/2021,1,2,53
11/18/2021,1,2,61
11/19/2021,1,2,72
11/20/2021,1,2,79
11/21/2021,1,2,47
11/22/2021,1,2,49
11/23/2021,1,2,50
11/24/2021,1,2,49
11/25/2021,1,2,58
11/26/2021,1,2,62
11/27/2021,1,2,78
11/28/2021,1,2,50
11/29/2021,1,2,49
11/30/2021,1,2,52
12/1/2021,1,2,43
12/2/2021,1,2,44
12/3/2021,1,2,40
12/4/2021,1,2,51
12/5/2021,1,2,29
12/6/2021,1,2,45
12/7/2021,1,2,39
12/8/2021,1,2,35
12/9/2021,1,2,41
12/10/2021,1,2,47
12/11/2021,1,2,53
12/12/2021,1,2,36
12/13/2021,1,2,45
12/14/2021,1,2,41
12/15/2021,1,2,52
12/16/2021,1,2,42
12/17/2021,1,2,55
12/18/2021,1,2,40
12/19/2021,1,2,33
12/20/2021,1,2,47
12/21/2021,1,2,46
12/22/2021,1,2,35
12/23/2021,1,2,64
12/24/2021,1,2,47
12/25/2021,1,2,39
12/26/2021,1,2,30
12/27/2021,1,2,41
12/28/2021,1,2,38
12/29/2021,1,2,56
12/30/2021,1,2,37
12/31/2021,1,2,47
1/1/2022,1,2,40
1/2/2022,1,2,26
1/3/2022,1,2,33
1/4/2022,1,2,41
1/5/2022,1,2,39
1/6/2022,1,2,43
1/7/2022,1,2,46
1/8/2022,1,2,58
1/9/2022,1,2,31
1/10/2022,1,2,36
1/11/2022,1,2,42
1/12/2022,1,2,39
1/13/2022,1,2,34
1/14/2022,1,2,29
1/15/2022,1,2,47
1/16/2022,1,2,21
1/17/2022,1,2,37
1/18/2022,1,2,41
1/19/2022,1,2,51
1/20/2022,1,2,48
1/21/2022,1,2,42
1/22/2022,1,2,49
1/23/2022,1,2,25
1/24/2022,1,2,44
1/25/2022,1,2,38
1/26/2022,1,2,30
1/27/2022,1,2,32
1/28/2022,1,2,48
1/29/2022,1,2,47
1/30/2022,1,2,28
1/31/2022,1,2,37
2/1/2022,1,2,34
2/2/2022,1,2,47
2/3/2022,1,2,45
2/4/2022,1,2,42
2/5/2022,1,2,38
2/6/2022,1,2,38
2/7/2022,1,2,33
2/8/2022,1,2,37
2/9/2022,1,2,39
2/10/2022,1,2,38
2/11/2022,1,2,52
2/12/2022,1,2,47
2/13/2022,1,2,45
2/14/2022,1,2,46
2/15/2022,1,2,38
2/16/2022,1,2,46
2/17/2022,1,2,59
2/18/2022,1,2,47
2/19/2022,1,2,55
2/20/2022,1,2,32
2/21/2022,1,2,26
2/22/2022,1,2,45
2/23/2022,1,2,50
2/24/2022,1,2,49
2/25/2022,1,2,46
2/26/2022,1,2,41
2/27/2022,1,2,44
2/28/2022,1,2,37
3/1/2022,1,2,48
3/2/2022,1,2,54
3/3/2022,1,2,47
3/4/2022,1,2,70
3/5/2022,1,2,57
3/6/2022,1,2,36
3/7/2022,1,2,57
3/8/2022,1,2,51
3/9/2022,1,2,43
3/10/2022,1,2,53
3/11/2022,1,2,54
3/12/2022,1,2,63
3/13/2022,1,2,52
3/14/2022,1,2,56
3/15/2022,1,2,59
3/16/2022,1,2,52
3/17/2022,1,2,52
3/18/2022,1,2,55
3/19/2022,1,2,65
3/20/2022,1,2,34
3/21/2022,1,2,47
3/22/2022,1,2,33
3/23/2022,1,2,51
3/24/2022,1,2,62
3/25/2022,1,2,55
3/26/2022,1,2,55
3/27/2022,1,2,40
3/28/2022,1,2,45
3/29/2022,1,2,45
3/30/2022,1,2,44
3/31/2022,1,2,57
4/1/2022,1,2,61
4/2/2022,1,2,66
4/3/2022,1,2,43
4/4/2022,1,2,53
4/5/2022,1,2,76
4/6/2022,1,2,62
4/7/2022,1,2,62
4/8/2022,1,2,77
4/9/2022,1,2,86
4/10/2022,1,2,52
4/11/2022,1,2,68
4/12/2022,1,2,59
4/13/2022,1,2,71
4/14/2022,1,2,78
4/15/2022,1,2,79
4/16/2022,1,2,60
4/17/2022,1,2,58
4/18/2022,1,2,51
4/19/2022,1,2,64
4/20/2022,1,2,48
4/21/2022,1,2,61
4/22/2022,1,2,71
4/23/2022,1,2,88
4/24/2022,1,2,54
4/25/2022,1,2,61
4/26/2022,1,2,59
4/27/2022,1,2,58
4/28/2022,1,2,61
4/29/2022,1,2,84
4/30/2022,1,2,80
5/1/2022,1,2,60
5/2/2022,1,2,66
5/3/2022,1,2,51
5/4/2022,1,2,63
5/5/2022,1,2,79
5/6/2022,1,2,76
5/7/2022,1,2,67
5/8/2022,1,2,64
5/9/2022,1,2,73
5/10/2022,1,2,55
5/11/2022,1,2,83
5/12/2022,1,2,82
5/13/2022,1,2,85
5/14/2022,1,2,85
5/15/2022,1,2,54
5/16/2022,1,2,61
5/17/2022,1,2,68
5/18/2022,1,2,76
5/19/2022,1,2,72
5/20/2022,1,2,89
5/21/2022,1,2,91
5/22/2022,1,2,48
5/23/2022,1,2,62
5/24/2022,1,2,73
5/25/2022,1,2,66
5/26/2022,1,2,66
5/27/2022,1,2,82
5/28/2022,1,2,48
5/29/2022,1,2,39
5/30/2022,1,2,57
5/31/2022,1,2,60
6/1/2022,1,2,83
6/2/2022,1,2,85
6/3/2022,1,2,106
6/4/2022,1,2,103
6/5/2022,1,2,54
6/6/2022,1,2,67
6/7/2022,1,2,67
6/8/2022,1,2,68
6/9/2022,1,2,75
6/10/2022,1,2,85
6/11/2022,1,2,87
6/12/2022,1,2,66
6/13/2022,1,2,79
6/14/2022,1,2,63
6/15/2022,1,2,77
6/16/2022,1,2,76
6/17/2022,1,2,82
6/18/2022,1,2,77
6/19/2022,1,2,54
6/20/2022,1,2,66
6/21/2022,1,2,56
6/22/2022,1,2,64
6/23/2022,1,2,75
6/24/2022,1,2,88
6/25/2022,1,2,101
6/26/2022,1,2,48
6/27/2022,1,2,53
6/28/2022,1,2,63
6/29/2022,1,2,64
6/30/2022,1,2,82
7/1/2022,1,2,83
7/2/2022,1,2,98
7/3/2022,1,2,52
7/4/2022,1,2,66
7/5/2022,1,2,67
7/6/2022,1,2,67
7/7/2022,1,2,80
7/8/2022,1,2,94
7/9/2022,1,2,97
7/10/2022,1,2,49
7/11/2022,1,2,65
7/12/2022,1,2,76
7/13/2022,1,2,63
7/14/2022,1,2,84
7/15/2022,1,2,86
7/16/2022,1,2,115
7/17/2022,1,2,64
7/18/2022,1,2,76
7/19/2022,1,2,81
7/20/2022,1,2,76
7/21/2022,1,2,81
7/22/2022,1,2,94
7/23/2022,1,2,89
7/24/2022,1,2,53
7/25/2022,1,2,70
7/26/2022,1,2,67
7/27/2022,1,2,73
7/28/2022,1,2,73
7/29/2022,1,2,86
7/30/2022,1,2,86
7/31/2022,1,2,59
8/1/2022,1,2,58
8/2/2022,1,2,59
8/3/2022,1,2,72
8/4/2022,1,2,77
8/5/2022,1,2,65
8/6/2022,1,2,89
8/7/2022,1,2,54
8/8/2022,1,2,81
8/9/2022,1,2,58
8/10/2022,1,2,72
8/11/2022,1,2,74
8/12/2022,1,2,67
8/13/2022,1,2,78
8/14/2022,1,2,50
8/15/2022,1,2,59
8/16/2022,1,2,48
8/17/2022,1,2,64
8/18/2022,1,2,70
8/19/2022,1,2,78
8/20/2022,1,2,90
8/21/2022,1,2,46
8/22/2022,1,2,62
8/23/2022,1,2,65
8/24/2022,1,2,69
8/25/2022,1,2,91
8/26/2022,1,2,70
8/27/2022,1,2,94
8/28/2022,1,2,55
8/29/2022,1,2,42
8/30/2022,1,2,77
8/31/2022,1,2,55
9/1/2022,1,2,67
9/2/2022,1,2,78
9/3/2022,1,2,87
9/4/2022,1,2,51
9/5/2022,1,2,54
9/6/2022,1,2,69
9/7/2022,1,2,59
9/8/2022,1,2,65
9/9/2022,1,2,71
9/10/2022,1,2,64
9/11/2022,1,2,44
9/12/2022,1,2,58
9/13/2022,1,2,57
9/14/2022,1,2,71
9/15/2022,1,2,60
9/16/2022,1,2,75
9/17/2022,1,2,58
9/18/2022,1,2,47
9/19/2022,1,2,66
9/20/2022,1,2,61
9/21/2022,1,2,66
9/22/2022,1,2,70
9/23/2022,1,2,85
9/24/2022,1,2,73
9/25/2022,1,2,49
9/26/2022,1,2,61
9/27/2022,1,2,57
9/28/2022,1,2,55
9/29/2022,1,2,66
9/30/2022,1,2,79
10/1/2022,1,2,60
10/2/2022,1,2,56
10/3/2022,1,2,55
10/4/2022,1,2,55
10/5/2022,1,2,59
10/6/2022,1,2,54
10/7/2022,1,2,61
10/8/2022,1,2,60
10/9/2022,1,2,46
10/10/2022,1,2,52
10/11/2022,1,2,55
10/12/2022,1,2,48
10/13/2022,1,2,53
10/14/2022,1,2,64
10/15/2022,1,2,64
10/16/2022,1,2,44
10/17/2022,1,2,47
10/18/2022,1,2,70
10/19/2022,1,2,45
10/20/2022,1,2,51
10/21/2022,1,2,70
10/22/2022,1,2,61
10/23/2022,1,2,45
10/24/2022,1,2,56
10/25/2022,1,2,66
10/26/2022,1,2,44
10/27/2022,1,2,66
10/28/2022,1,2,61
10/29/2022,1,2,77
10/30/2022,1,2,53
10/31/2022,1,2,50
11/1/2022,1,2,63
11/2/2022,1,2,67
11/3/2022,1,2,75
11/4/2022,1,2,68
11/5/2022,1,2,74
11/6/2022,1,2,69
11/7/2022,1,2,68
11/8/2022,1,2,58
11/9/2022,1,2,62
11/10/2022,1,2,58
11/11/2022,1,2,69
11/12/2022,1,2,76
11/13/2022,1,2,61
11/14/2022,1,2,57
11/15/2022,1,2,55
11/16/2022,1,2,53
11/17/2022,1,2,75
11/18/2022,1,2,78
11/19/2022,1,2,73
11/20/2022,1,2,54
11/21/2022,1,2,55
11/22/2022,1,2,51
11/23/2022,1,2,73
11/24/2022,1,2,68
11/25/2022,1,2,63
11/26/2022,1,2,78
11/27/2022,1,2,58
11/28/2022,1,2,57
11/29/2022,1,2,66
11/30/2022,1,2,80
12/1/2022,1,2,56
12/2/2022,1,2,64
12/3/2022,1,2,59
12/4/2022,1,2,33
12/5/2022,1,2,45
12/6/2022,1,2,50
12/7/2022,1,2,47
12/8/2022,1,2,44
12/9/2022,1,2,50
12/10/2022,1,2,50
12/11/2022,1,2,43
12/12/2022,1,2,37
12/13/2022,1,2,50
12/14/2022,1,2,42
12/15/2022,1,2,52
12/16/2022,1,2,48
12/17/2022,1,2,55
12/18/2022,1,2,37
12/19/2022,1,2,41
12/20/2022,1,2,35
12/21/2022,1,2,39
12/22/2022,1,2,41
12/23/2022,1,2,52
12/24/2022,1,2,47
12/25/2022,1,2,37
12/26/2022,1,2,43
12/27/2022,1,2,55
12/28/2022,1,2,50
12/29/2022,1,2,50
12/30/2022,1,2,56
12/31/2022,1,2,67
1/1/2018,2,2,41
1/2/2018,2,2,33
1/3/2018,2,2,46
1/4/2018,2,2,50
1/5/2018,2,2,44
1/6/2018,2,2,57
1/7/2018,2,2,27
1/8/2018,2,2,43
1/9/2018,2,2,38
1/10/2018,2,2,49
1/11/2018,2,2,53
1/12/2018,2,2,47
1/13/2018,2,2,58
1/14/2018,2,2,26
1/15/2018,2,2,40
1/16/2018,2,2,43
1/17/2018,2,2,38
1/18/2018,2,2,46
1/19/2018,2,2,50
1/20/2018,2,2,49
1/21/2018,2,2,36
1/22/2018,2,2,43
1/23/2018,2,2,35
1/24/2018,2,2,41
1/25/2018,2,2,50
1/26/2018,2,2,38
1/27/2018,2,2,50
1/28/2018,2,2,35
1/29/2018,2,2,41
1/30/2018,2,2,45
1/31/2018,2,2,42
2/1/2018,2,2,36
2/2/2018,2,2,47
2/3/2018,2,2,48
2/4/2018,2,2,31
2/5/2018,2,2,41
2/6/2018,2,2,36
2/7/2018,2,2,48
2/8/2018,2,2,40
2/9/2018,2,2,61
2/10/2018,2,2,49
2/11/2018,2,2,38
2/12/2018,2,2,46
2/13/2018,2,2,48
2/14/2018,2,2,46
2/15/2018,2,2,52
2/16/2018,2,2,49
2/17/2018,2,2,53
2/18/2018,2,2,35
2/19/2018,2,2,46
2/20/2018,2,2,50
2/21/2018,2,2,49
2/22/2018,2,2,46
2/23/2018,2,2,53
2/24/2018,2,2,57
2/25/2018,2,2,33
2/26/2018,2,2,38
2/27/2018,2,2,48
2/28/2018,2,2,38
3/1/2018,2,2,57
3/2/2018,2,2,62
3/3/2018,2,2,70
3/4/2018,2,2,38
3/5/2018,2,2,51
3/6/2018,2,2,58
3/7/2018,2,2,65
3/8/2018,2,2,50
3/9/2018,2,2,59
3/10/2018,2,2,62
3/11/2018,2,2,35
3/12/2018,2,2,54
3/13/2018,2,2,66
3/14/2018,2,2,45
3/15/2018,2,2,67
3/16/2018,2,2,70
3/17/2018,2,2,68
3/18/2018,2,2,36
3/19/2018,2,2,43
3/20/2018,2,2,53
3/21/2018,2,2,63
3/22/2018,2,2,61
3/23/2018,2,2,76
3/24/2018,2,2,61
3/25/2018,2,2,33
3/26/2018,2,2,52
3/27/2018,2,2,54
3/28/2018,2,2,69
3/29/2018,2,2,62
3/30/2018,2,2,66
3/31/2018,2,2,69
4/1/2018,2,2,58
4/2/2018,2,2,63
4/3/2018,2,2,74
4/4/2018,2,2,74
4/5/2018,2,2,69
4/6/2018,2,2,62
4/7/2018,2,2,84
4/8/2018,2,2,56
4/9/2018,2,2,64
4/10/2018,2,2,62
4/11/2018,2,2,63
4/12/2018,2,2,72
4/13/2018,2,2,77
4/14/2018,2,2,76
4/15/2018,2,2,58
4/16/2018,2,2,59
4/17/2018,2,2,57
4/18/2018,2,2,47
4/19/2018,2,2,70
4/20/2018,2,2,81
4/21/2018,2,2,73
4/22/2018,2,2,53
4/23/2018,2,2,48
4/24/2018,2,2,66
4/25/2018,2,2,54
4/26/2018,2,2,72
4/27/2018,2,2,67
4/28/2018,2,2,68
4/29/2018,2,2,60
4/30/2018,2,2,65
5/1/2018,2,2,63
5/2/2018,2,2,71
5/3/2018,2,2,71
5/4/2018,2,2,91
5/5/2018,2,2,93
5/6/2018,2,2,50
5/7/2018,2,2,69
5/8/2018,2,2,52
5/9/2018,2,2,60
5/10/2018,2,2,92
5/11/2018,2,2,78
5/12/2018,2,2,67
5/13/2018,2,2,71
5/14/2018,2,2,68
5/15/2018,2,2,76
5/16/2018,2,2,82
5/17/2018,2,2,90
5/18/2018,2,2,66
5/19/2018,2,2,111
5/20/2018,2,2,57
5/21/2018,2,2,63
5/22/2018,2,2,65
5/23/2018,2,2,78
5/24/2018,2,2,68
5/25/2018,2,2,82
5/26/2018,2,2,73
5/27/2018,2,2,54
5/28/2018,2,2,83
5/29/2018,2,2,68
5/30/2018,2,2,70
5/31/2018,2,2,80
6/1/2018,2,2,74
6/2/2018,2,2,82
6/3/2018,2,2,60
6/4/2018,2,2,79
6/5/2018,2,2,64
6/6/2018,2,2,82
6/7/2018,2,2,79
6/8/2018,2,2,77
6/9/2018,2,2,119
6/10/2018,2,2,59
6/11/2018,2,2,68
6/12/2018,2,2,65
6/13/2018,2,2,75
6/14/2018,2,2,73
6/15/2018,2,2,100
6/16/2018,2,2,104
6/17/2018,2,2,64
6/18/2018,2,2,58
6/19/2018,2,2,70
6/20/2018,2,2,80
6/21/2018,2,2,86
6/22/2018,2,2,86
6/23/2018,2,2,99
6/24/2018,2,2,55
6/25/2018,2,2,64
6/26/2018,2,2,68
6/27/2018,2,2,76
6/28/2018,2,2,76
6/29/2018,2,2,77
6/30/2018,2,2,94
7/1/2018,2,2,76
7/2/2018,2,2,75
7/3/2018,2,2,72
7/4/2018,2,2,85
7/5/2018,2,2,97
7/6/2018,2,2,84
7/7/2018,2,2,88
7/8/2018,2,2,48
7/9/2018,2,2,81
7/10/2018,2,2,84
7/11/2018,2,2,84
7/12/2018,2,2,75
7/13/2018,2,2,87
7/14/2018,2,2,65
7/15/2018,2,2,68
7/16/2018,2,2,69
7/17/2018,2,2,73
7/18/2018,2,2,71
7/19/2018,2,2,95
7/20/2018,2,2,85
7/21/2018,2,2,98
7/22/2018,2,2,66
7/23/2018,2,2,78
7/24/2018,2,2,76
7/25/2018,2,2,91
7/26/2018,2,2,106
7/27/2018,2,2,83
7/28/2018,2,2,75
7/29/2018,2,2,75
7/30/2018,2,2,56
7/31/2018,2,2,71
8/1/2018,2,2,59
8/2/2018,2,2,86
8/3/2018,2,2,67
8/4/2018,2,2,70
8/5/2018,2,2,63
8/6/2018,2,2,68
8/7/2018,2,2,71
8/8/2018,2,2,71
8/9/2018,2,2,74
8/10/2018,2,2,80
8/11/2018,2,2,79
8/12/2018,2,2,55
8/13/2018,2,2,59
8/14/2018,2,2,71
8/15/2018,2,2,82
8/16/2018,2,2,72
8/17/2018,2,2,89
8/18/2018,2,2,106
8/19/2018,2,2,61
8/20/2018,2,2,57
8/21/2018,2,2,77
8/22/2018,2,2,72
8/23/2018,2,2,84
8/24/2018,2,2,76
8/25/2018,2,2,88
8/26/2018,2,2,56
8/27/2018,2,2,77
8/28/2018,2,2,55
8/29/2018,2,2,61
8/30/2018,2,2,68
8/31/2018,2,2,66
9/1/2018,2,2,81
9/2/2018,2,2,61
9/3/2018,2,2,65
9/4/2018,2,2,57
9/5/2018,2,2,60
9/6/2018,2,2,66
9/7/2018,2,2,73
9/8/2018,2,2,92
9/9/2018,2,2,52
9/10/2018,2,2,57
9/11/2018,2,2,72
9/12/2018,2,2,73
9/13/2018,2,2,60
9/14/2018,2,2,80
9/15/2018,2,2,88
9/16/2018,2,2,54
9/17/2018,2,2,67
9/18/2018,2,2,74
9/19/2018,2,2,54
9/20/2018,2,2,65
9/21/2018,2,2,60
9/22/2018,2,2,92
9/23/2018,2,2,54
9/24/2018,2,2,64
9/25/2018,2,2,60
9/26/2018,2,2,68
9/27/2018,2,2,83
9/28/2018,2,2,58
9/29/2018,2,2,83
9/30/2018,2,2,48
10/1/2018,2,2,57
10/2/2018,2,2,52
10/3/2018,2,2,77
10/4/2018,2,2,55
10/5/2018,2,2,68
10/6/2018,2,2,72
10/7/2018,2,2,51
10/8/2018,2,2,68
10/9/2018,2,2,57
10/10/2018,2,2,56
10/11/2018,2,2,65
10/12/2018,2,2,75
10/13/2018,2,2,58
10/14/2018,2,2,48
10/15/2018,2,2,61
10/16/2018,2,2,57
10/17/2018,2,2,75
10/18/2018,2,2,59
10/19/2018,2,2,68
10/20/2018,2,2,62
10/21/2018,2,2,55
10/22/2018,2,2,60
10/23/2018,2,2,56
10/24/2018,2,2,53
10/25/2018,2,2,73
10/26/2018,2,2,66
10/27/2018,2,2,61
10/28/2018,2,2,47
10/29/2018,2,2,46
10/30/2018,2,2,69
10/31/2018,2,2,57
11/1/2018,2,2,59
11/2/2018,2,2,66
11/3/2018,2,2,71
11/4/2018,2,2,51
11/5/2018,2,2,71
11/6/2018,2,2,63
11/7/2018,2,2,67
11/8/2018,2,2,65
11/9/2018,2,2,76
11/10/2018,2,2,70
11/11/2018,2,2,46
11/12/2018,2,2,70
11/13/2018,2,2,60
11/14/2018,2,2,64
11/15/2018,2,2,68
11/16/2018,2,2,86
11/17/2018,2,2,74
11/18/2018,2,2,44
11/19/2018,2,2,70
11/20/2018,2,2,64
11/21/2018,2,2,58
11/22/2018,2,2,70
11/23/2018,2,2,76
11/24/2018,2,2,75
11/25/2018,2,2,60
11/26/2018,2,2,73
11/27/2018,2,2,53
11/28/2018,2,2,63
11/29/2018,2,2,63
11/30/2018,2,2,68
12/1/2018,2,2,62
12/2/2018,2,2,47
12/3/2018,2,2,43
12/4/2018,2,2,37
12/5/2018,2,2,51
12/6/2018,2,2,47
12/7/2018,2,2,66
12/8/2018,2,2,48
12/9/2018,2,2,28
12/10/2018,2,2,46
12/11/2018,2,2,53
12/12/2018,2,2,46
12/13/2018,2,2,60
12/14/2018,2,2,44
12/15/2018,2,2,47
12/16/2018,2,2,44
12/17/2018,2,2,47
12/18/2018,2,2,38
12/19/2018,2,2,57
12/20/2018,2,2,58
12/21/2018,2,2,64
12/22/2018,2,2,49
12/23/2018,2,2,48
12/24/2018,2,2,49
12/25/2018,2,2,50
12/26/2018,2,2,52
12/27/2018,2,2,48
12/28/2018,2,2,65
12/29/2018,2,2,50
12/30/2018,2,2,32
12/31/2018,2,2,42
1/1/2019,2,2,38
1/2/2019,2,2,55
1/3/2019,2,2,48
1/4/2019,2,2,54
1/5/2019,2,2,51
1/6/2019,2,2,36
1/7/2019,2,2,65
1/8/2019,2,2,42
1/9/2019,2,2,39
1/10/2019,2,2,47
1/11/2019,2,2,39
1/12/2019,2,2,44
1/13/2019,2,2,42
1/14/2019,2,2,39
1/15/2019,2,2,52
1/16/2019,2,2,36
1/17/2019,2,2,40
1/18/2019,2,2,55
1/19/2019,2,2,77
1/20/2019,2,2,35
1/21/2019,2,2,44
1/22/2019,2,2,55
1/23/2019,2,2,42
1/24/2019,2,2,54
1/25/2019,2,2,49
1/26/2019,2,2,63
1/27/2019,2,2,34
1/28/2019,2,2,50
1/29/2019,2,2,63
1/30/2019,2,2,57
1/31/2019,2,2,56
2/1/2019,2,2,83
2/2/2019,2,2,65
2/3/2019,2,2,42
2/4/2019,2,2,66
2/5/2019,2,2,50
2/6/2019,2,2,62
2/7/2019,2,2,59
2/8/2019,2,2,67
2/9/2019,2,2,59
2/10/2019,2,2,51
2/11/2019,2,2,50
2/12/2019,2,2,56
2/13/2019,2,2,51
2/14/2019,2,2,62
2/15/2019,2,2,58
2/16/2019,2,2,64
2/17/2019,2,2,58
2/18/2019,2,2,53
2/19/2019,2,2,50
2/20/2019,2,2,64
2/21/2019,2,2,61
2/22/2019,2,2,64
2/23/2019,2,2,76
2/24/2019,2,2,36
2/25/2019,2,2,42
2/26/2019,2,2,58
2/27/2019,2,2,52
2/28/2019,2,2,57
3/1/2019,2,2,74
3/2/2019,2,2,86
3/3/2019,2,2,55
3/4/2019,2,2,58
3/5/2019,2,2,67
3/6/2019,2,2,61
3/7/2019,2,2,65
3/8/2019,2,2,71
3/9/2019,2,2,86
3/10/2019,2,2,52
3/11/2019,2,2,65
3/12/2019,2,2,58
3/13/2019,2,2,80
3/14/2019,2,2,71
3/15/2019,2,2,84
3/16/2019,2,2,74
3/17/2019,2,2,44
3/18/2019,2,2,62
3/19/2019,2,2,57
3/20/2019,2,2,66
3/21/2019,2,2,73
3/22/2019,2,2,77
3/23/2019,2,2,67
3/24/2019,2,2,56
3/25/2019,2,2,64
3/26/2019,2,2,62
3/27/2019,2,2,54
3/28/2019,2,2,63
3/29/2019,2,2,63
3/30/2019,2,2,78
3/31/2019,2,2,54
4/1/2019,2,2,79
4/2/2019,2,2,69
4/3/2019,2,2,85
4/4/2019,2,2,69
4/5/2019,2,2,76
4/6/2019,2,2,98
4/7/2019,2,2,54
4/8/2019,2,2,72
4/9/2019,2,2,56
4/10/2019,2,2,65
4/11/2019,2,2,83
4/12/2019,2,2,95
4/13/2019,2,2,106
4/14/2019,2,2,56
4/15/2019,2,2,76
4/16/2019,2,2,61
4/17/2019,2,2,68
4/18/2019,2,2,85
4/19/2019,2,2,99
4/20/2019,2,2,96
4/21/2019,2,2,55
4/22/2019,2,2,70
4/23/2019,2,2,77
4/24/2019,2,2,87
4/25/2019,2,2,81
4/26/2019,2,2,93
4/27/2019,2,2,89
4/28/2019,2,2,61
4/29/2019,2,2,77
4/30/2019,2,2,62
5/1/2019,2,2,90
5/2/2019,2,2,71
5/3/2019,2,2,96
5/4/2019,2,2,101
5/5/2019,2,2,59
5/6/2019,2,2,82
5/7/2019,2,2,67
5/8/2019,2,2,88
5/9/2019,2,2,83
5/10/2019,2,2,89
5/11/2019,2,2,89
5/12/2019,2,2,65
5/13/2019,2,2,69
5/14/2019,2,2,55
5/15/2019,2,2,75
5/16/2019,2,2,73
5/17/2019,2,2,95
5/18/2019,2,2,98
5/19/2019,2,2,80
5/20/2019,2,2,80
5/21/2019,2,2,79
5/22/2019,2,2,75
5/23/2019,2,2,98
5/24/2019,2,2,108
5/25/2019,2,2,93
5/26/2019,2,2,62
5/27/2019,2,2,77
5/28/2019,2,2,100
5/29/2019,2,2,79
5/30/2019,2,2,95
5/31/2019,2,2,87
6/1/2019,2,2,110
6/2/2019,2,2,62
6/3/2019,2,2,60
6/4/2019,2,2,68
6/5/2019,2,2,93
6/6/2019,2,2,100
6/7/2019,2,2,90
6/8/2019,2,2,101
6/9/2019,2,2,69
6/10/2019,2,2,71
6/11/2019,2,2,94
6/12/2019,2,2,96
6/13/2019,2,2,94
6/14/2019,2,2,98
6/15/2019,2,2,103
6/16/2019,2,2,67
6/17/2019,2,2,65
6/18/2019,2,2,78
6/19/2019,2,2,84
6/20/2019,2,2,91
6/21/2019,2,2,119
6/22/2019,2,2,101
6/23/2019,2,2,48
6/24/2019,2,2,83
6/25/2019,2,2,80
6/26/2019,2,2,77
6/27/2019,2,2,91
6/28/2019,2,2,111
6/29/2019,2,2,96
6/30/2019,2,2,63
7/1/2019,2,2,87
7/2/2019,2,2,94
7/3/2019,2,2,97
7/4/2019,2,2,92
7/5/2019,2,2,104
7/6/2019,2,2,120
7/7/2019,2,2,56
7/8/2019,2,2,63
7/9/2019,2,2,93
7/10/2019,2,2,79
7/11/2019,2,2,78
7/12/2019,2,2,88
7/13/2019,2,2,104
7/14/2019,2,2,70
7/15/2019,2,2,89
7/16/2019,2,2,73
7/17/2019,2,2,105
7/18/2019,2,2,126
7/19/2019,2,2,88
7/20/2019,2,2,109
7/21/2019,2,2,71
7/22/2019,2,2,81
7/23/2019,2,2,69
7/24/2019,2,2,106
7/25/2019,2,2,99
7/26/2019,2,2,87
7/27/2019,2,2,114
7/28/2019,2,2,72
7/29/2019,2,2,83
7/30/2019,2,2,79
7/31/2019,2,2,98
8/1/2019,2,2,79
8/2/2019,2,2,93
8/3/2019,2,2,84
8/4/2019,2,2,63
8/5/2019,2,2,52
8/6/2019,2,2,82
8/7/2019,2,2,80
8/8/2019,2,2,82
8/9/2019,2,2,89
8/10/2019,2,2,96
8/11/2019,2,2,73
8/12/2019,2,2,75
8/13/2019,2,2,84
8/14/2019,2,2,84
8/15/2019,2,2,90
8/16/2019,2,2,82
8/17/2019,2,2,113
8/18/2019,2,2,77
8/19/2019,2,2,54
8/20/2019,2,2,67
8/21/2019,2,2,101
8/22/2019,2,2,99
8/23/2019,2,2,76
8/24/2019,2,2,87
8/25/2019,2,2,63
8/26/2019,2,2,74
8/27/2019,2,2,85
8/28/2019,2,2,71
8/29/2019,2,2,81
8/30/2019,2,2,92
8/31/2019,2,2,92
9/1/2019,2,2,70
9/2/2019,2,2,66
9/3/2019,2,2,70
9/4/2019,2,2,76
9/5/2019,2,2,76
9/6/2019,2,2,79
9/7/2019,2,2,91
9/8/2019,2,2,66
9/9/2019,2,2,71
9/10/2019,2,2,66
9/11/2019,2,2,52
9/12/2019,2,2,72
9/13/2019,2,2,82
9/14/2019,2,2,78
9/15/2019,2,2,52
9/16/2019,2,2,80
9/17/2019,2,2,74
9/18/2019,2,2,71
9/19/2019,2,2,106
9/20/2019,2,2,89
9/21/2019,2,2,75
9/22/2019,2,2,52
9/23/2019,2,2,76
9/24/2019,2,2,85
9/25/2019,2,2,65
9/26/2019,2,2,91
9/27/2019,2,2,82
9/28/2019,2,2,74
9/29/2019,2,2,51
9/30/2019,2,2,80
10/1/2019,2,2,76
10/2/2019,2,2,74
10/3/2019,2,2,77
10/4/2019,2,2,72
10/5/2019,2,2,81
10/6/2019,2,2,50
10/7/2019,2,2,55
10/8/2019,2,2,65
10/9/2019,2,2,70
10/10/2019,2,2,82
10/11/2019,2,2,71
10/12/2019,2,2,73
10/13/2019,2,2,49
10/14/2019,2,2,59
10/15/2019,2,2,80
10/16/2019,2,2,70
10/17/2019,2,2,77
10/18/2019,2,2,82
10/19/2019,2,2,105
10/20/2019,2,2,55
10/21/2019,2,2,70
10/22/2019,2,2,63
10/23/2019,2,2,62
10/24/2019,2,2,87
10/25/2019,2,2,74
10/26/2019,2,2,81
10/27/2019,2,2,56
10/28/2019,2,2,67
10/29/2019,2,2,68
10/30/2019,2,2,61
10/31/2019,2,2,87
11/1/2019,2,2,81
11/2/2019,2,2,98
11/3/2019,2,2,47
11/4/2019,2,2,80
11/5/2019,2,2,83
11/6/2019,2,2,81
11/7/2019,2,2,97
11/8/2019,2,2,87
11/9/2019,2,2,90
11/10/2019,2,2,48
11/11/2019,2,2,73
11/12/2019,2,2,65
11/13/2019,2,2,84
11/14/2019,2,2,81
11/15/2019,2,2,78
11/16/2019,2,2,84
11/17/2019,2,2,65
11/18/2019,2,2,78
11/19/2019,2,2,72
11/20/2019,2,2,74
11/21/2019,2,2,66
11/22/2019,2,2,87
11/23/2019,2,2,81
11/24/2019,2,2,66
11/25/2019,2,2,68
11/26/2019,2,2,63
11/27/2019,2,2,58
11/28/2019,2,2,86
11/29/2019,2,2,87
11/30/2019,2,2,69
12/1/2019,2,2,39
12/2/2019,2,2,46
12/3/2019,2,2,58
12/4/2019,2,2,38
12/5/2019,2,2,65
12/6/2019,2,2,61
12/7/2019,2,2,73
12/8/2019,2,2,46
12/9/2019,2,2,57
12/10/2019,2,2,50
12/11/2019,2,2,54
12/12/2019,2,2,70
12/13/2019,2,2,84
12/14/2019,2,2,56
12/15/2019,2,2,38
12/16/2019,2,2,47
12/17/2019,2,2,52
12/18/2019,2,2,56
12/19/2019,2,2,63
12/20/2019,2,2,54
12/21/2019,2,2,65
12/22/2019,2,2,34
12/23/2019,2,2,46
12/24/2019,2,2,64
12/25/2019,2,2,54
12/26/2019,2,2,51
12/27/2019,2,2,66
12/28/2019,2,2,63
12/29/2019,2,2,48
12/30/2019,2,2,49
12/31/2019,2,2,52
1/1/2020,2,2,35
1/2/2020,2,2,55
1/3/2020,2,2,63
1/4/2020,2,2,62
1/5/2020,2,2,42
1/6/2020,2,2,38
1/7/2020,2,2,49
1/8/2020,2,2,49
1/9/2020,2,2,51
1/10/2020,2,2,70
1/11/2020,2,2,63
1/12/2020,2,2,41
1/13/2020,2,2,43
1/14/2020,2,2,48
1/15/2020,2,2,52
1/16/2020,2,2,49
1/17/2020,2,2,43
1/18/2020,2,2,50
1/19/2020,2,2,40
1/20/2020,2,2,61
1/21/2020,2,2,36
1/22/2020,2,2,62
1/23/2020,2,2,41
1/24/2020,2,2,62
1/25/2020,2,2,66
1/26/2020,2,2,53
1/27/2020,2,2,43
1/28/2020,2,2,52
1/29/2020,2,2,51
1/30/2020,2,2,52
1/31/2020,2,2,50
2/1/2020,2,2,54
2/2/2020,2,2,46
2/3/2020,2,2,59
2/4/2020,2,2,50
2/5/2020,2,2,55
2/6/2020,2,2,57
2/7/2020,2,2,69
2/8/2020,2,2,71
2/9/2020,2,2,45
2/10/2020,2,2,39
2/11/2020,2,2,42
2/12/2020,2,2,60
2/13/2020,2,2,52
2/14/2020,2,2,58
2/15/2020,2,2,70
2/16/2020,2,2,41
2/17/2020,2,2,44
2/18/2020,2,2,49
2/19/2020,2,2,49
2/20/2020,2,2,60
2/21/2020,2,2,68
2/22/2020,2,2,68
2/23/2020,2,2,47
2/24/2020,2,2,44
2/25/2020,2,2,41
2/26/2020,2,2,61
2/27/2020,2,2,62
2/28/2020,2,2,58
3/1/2020,2,2,87
3/2/2020,2,2,52
3/3/2020,2,2,65
3/4/2020,2,2,71
3/5/2020,2,2,55
3/6/2020,2,2,62
3/7/2020,2,2,69
3/8/2020,2,2,80
3/9/2020,2,2,69
3/10/2020,2,2,53
3/11/2020,2,2,64
3/12/2020,2,2,70
3/13/2020,2,2,62
3/14/2020,2,2,83
3/15/2020,2,2,79
3/16/2020,2,2,40
3/17/2020,2,2,58
3/18/2020,2,2,61
3/19/2020,2,2,72
3/20/2020,2,2,79
3/21/2020,2,2,58
3/22/2020,2,2,78
3/23/2020,2,2,45
3/24/2020,2,2,65
3/25/2020,2,2,78
3/26/2020,2,2,75
3/27/2020,2,2,75
3/28/2020,2,2,60
3/29/2020,2,2,108
3/30/2020,2,2,48
3/31/2020,2,2,51
4/1/2020,2,2,79
4/2/2020,2,2,80
4/3/2020,2,2,90
4/4/2020,2,2,94
4/5/2020,2,2,100
4/6/2020,2,2,63
4/7/2020,2,2,68
4/8/2020,2,2,77
4/9/2020,2,2,69
4/10/2020,2,2,82
4/11/2020,2,2,97
4/12/2020,2,2,95
4/13/2020,2,2,71
4/14/2020,2,2,57
4/15/2020,2,2,76
4/16/2020,2,2,89
4/17/2020,2,2,102
4/18/2020,2,2,68
4/19/2020,2,2,93
4/20/2020,2,2,54
4/21/2020,2,2,81
4/22/2020,2,2,64
4/23/2020,2,2,83
4/24/2020,2,2,84
4/25/2020,2,2,100
4/26/2020,2,2,102
4/27/2020,2,2,59
4/28/2020,2,2,76
4/29/2020,2,2,83
4/30/2020,2,2,97
5/1/2020,2,2,105
5/2/2020,2,2,97
5/3/2020,2,2,112
5/4/2020,2,2,57
5/5/2020,2,2,81
5/6/2020,2,2,89
5/7/2020,2,2,83
5/8/2020,2,2,84
5/9/2020,2,2,76
5/10/2020,2,2,102
5/11/2020,2,2,71
5/12/2020,2,2,69
5/13/2020,2,2,70
5/14/2020,2,2,99
5/15/2020,2,2,86
5/16/2020,2,2,104
5/17/2020,2,2,99
5/18/2020,2,2,70
5/19/2020,2,2,71
5/20/2020,2,2,81
5/21/2020,2,2,80
5/22/2020,2,2,109
5/23/2020,2,2,90
5/24/2020,2,2,99
5/25/2020,2,2,61
5/26/2020,2,2,68
5/27/2020,2,2,81
5/28/2020,2,2,92
5/29/2020,2,2,94
5/30/2020,2,2,97
5/31/2020,2,2,119
6/1/2020,2,2,73
6/2/2020,2,2,81
6/3/2020,2,2,76
6/4/2020,2,2,84
6/5/2020,2,2,109
6/6/2020,2,2,111
6/7/2020,2,2,108
6/8/2020,2,2,77
6/9/2020,2,2,70
6/10/2020,2,2,83
6/11/2020,2,2,100
6/12/2020,2,2,87
6/13/2020,2,2,94
6/14/2020,2,2,112
6/15/2020,2,2,78
6/16/2020,2,2,93
6/17/2020,2,2,80
6/18/2020,2,2,91
6/19/2020,2,2,114
6/20/2020,2,2,101
6/21/2020,2,2,104
6/22/2020,2,2,78
6/23/2020,2,2,96
6/24/2020,2,2,94
6/25/2020,2,2,90
6/26/2020,2,2,82
6/27/2020,2,2,121
6/28/2020,2,2,103
6/29/2020,2,2,71
6/30/2020,2,2,95
7/1/2020,2,2,86
7/2/2020,2,2,100
7/3/2020,2,2,107
7/4/2020,2,2,106
7/5/2020,2,2,112
7/6/2020,2,2,77
7/7/2020,2,2,76
7/8/2020,2,2,87
7/9/2020,2,2,90
7/10/2020,2,2,97
7/11/2020,2,2,106
7/12/2020,2,2,95
7/13/2020,2,2,69
7/14/2020,2,2,76
7/15/2020,2,2,91
7/16/2020,2,2,93
7/17/2020,2,2,94
7/18/2020,2,2,88
7/19/2020,2,2,119
7/20/2020,2,2,85
7/21/2020,2,2,93
7/22/2020,2,2,74
7/23/2020,2,2,90
7/24/2020,2,2,81
7/25/2020,2,2,121
7/26/2020,2,2,114
7/27/2020,2,2,67
7/28/2020,2,2,79
7/29/2020,2,2,104
7/30/2020,2,2,106
7/31/2020,2,2,100
8/1/2020,2,2,100
8/2/2020,2,2,103
8/3/2020,2,2,72
8/4/2020,2,2,71
8/5/2020,2,2,83
8/6/2020,2,2,92
8/7/2020,2,2,111
8/8/2020,2,2,90
8/9/2020,2,2,117
8/10/2020,2,2,73
8/11/2020,2,2,84
8/12/2020,2,2,78
8/13/2020,2,2,80
8/14/2020,2,2,95
8/15/2020,2,2,88
8/16/2020,2,2,118
8/17/2020,2,2,69
8/18/2020,2,2,98
8/19/2020,2,2,68
8/20/2020,2,2,76
8/21/2020,2,2,114
8/22/2020,2,2,94
8/23/2020,2,2,81
8/24/2020,2,2,85
8/25/2020,2,2,75
8/26/2020,2,2,89
8/27/2020,2,2,87
8/28/2020,2,2,90
8/29/2020,2,2,96
8/30/2020,2,2,82
8/31/2020,2,2,69
9/1/2020,2,2,80
9/2/2020,2,2,70
9/3/2020,2,2,75
9/4/2020,2,2,102
9/5/2020,2,2,100
9/6/2020,2,2,99
9/7/2020,2,2,77
9/8/2020,2,2,75
9/9/2020,2,2,58
9/10/2020,2,2,81
9/11/2020,2,2,80
9/12/2020,2,2,82
9/13/2020,2,2,101
9/14/2020,2,2,65
9/15/2020,2,2,78
9/16/2020,2,2,75
9/17/2020,2,2,74
9/18/2020,2,2,84
9/19/2020,2,2,75
9/20/2020,2,2,105
9/21/2020,2,2,54
9/22/2020,2,2,68
9/23/2020,2,2,66
9/24/2020,2,2,88
9/25/2020,2,2,84
9/26/2020,2,2,80
9/27/2020,2,2,100
9/28/2020,2,2,65
9/29/2020,2,2,68
9/30/2020,2,2,74
10/1/2020,2,2,64
10/2/2020,2,2,80
10/3/2020,2,2,73
10/4/2020,2,2,91
10/5/2020,2,2,55
10/6/2020,2,2,73
10/7/2020,2,2,70
10/8/2020,2,2,82
10/9/2020,2,2,87
10/10/2020,2,2,92
10/11/2020,2,2,88
10/12/2020,2,2,55
10/13/2020,2,2,78
10/14/2020,2,2,64
10/15/2020,2,2,62
10/16/2020,2,2,81
10/17/2020,2,2,77
10/18/2020,2,2,84
10/19/2020,2,2,56
10/20/2020,2,2,63
10/21/2020,2,2,80
10/22/2020,2,2,70
10/23/2020,2,2,95
10/24/2020,2,2,76
10/25/2020,2,2,66
10/26/2020,2,2,64
10/27/2020,2,2,92
10/28/2020,2,2,76
10/29/2020,2,2,75
10/30/2020,2,2,88
10/31/2020,2,2,92
11/1/2020,2,2,108
11/2/2020,2,2,65
11/3/2020,2,2,81
11/4/2020,2,2,75
11/5/2020,2,2,74
11/6/2020,2,2,79
11/7/2020,2,2,108
11/8/2020,2,2,93
11/9/2020,2,2,61
11/10/2020,2,2,73
11/11/2020,2,2,72
11/12/2020,2,2,70
11/13/2020,2,2,82
11/14/2020,2,2,97
11/15/2020,2,2,102
11/16/2020,2,2,68
11/17/2020,2,2,79
11/18/2020,2,2,69
11/19/2020,2,2,82
11/20/2020,2,2,67
11/21/2020,2,2,108
11/22/2020,2,2,109
11/23/2020,2,2,56
11/24/2020,2,2,73
11/25/2020,2,2,86
11/26/2020,2,2,74
11/27/2020,2,2,89
11/28/2020,2,2,107
11/29/2020,2,2,112
11/30/2020,2,2,63
12/1/2020,2,2,53
12/2/2020,2,2,61
12/3/2020,2,2,54
12/4/2020,2,2,55
12/5/2020,2,2,69
12/6/2020,2,2,66
12/7/2020,2,2,43
12/8/2020,2,2,56
12/9/2020,2,2,61
12/10/2020,2,2,60
12/11/2020,2,2,55
12/12/2020,2,2,73
12/13/2020,2,2,71
12/14/2020,2,2,65
12/15/2020,2,2,61
12/16/2020,2,2,50
12/17/2020,2,2,60
12/18/2020,2,2,52
12/19/2020,2,2,69
12/20/2020,2,2,64
12/21/2020,2,2,52
12/22/2020,2,2,60
12/23/2020,2,2,54
12/24/2020,2,2,61
12/25/2020,2,2,65
12/26/2020,2,2,66
12/27/2020,2,2,70
12/28/2020,2,2,46
12/29/2020,2,2,48
12/30/2020,2,2,56
12/31/2020,2,2,53
1/1/2021,2,2,61
1/2/2021,2,2,52
1/3/2021,2,2,61
1/4/2021,2,2,44
1/5/2021,2,2,58
1/6/2021,2,2,43
1/7/2021,2,2,62
1/8/2021,2,2,49
1/9/2021,2,2,60
1/10/2021,2,2,63
1/11/2021,2,2,54
1/12/2021,2,2,56
1/13/2021,2,2,54
1/14/2021,2,2,49
1/15/2021,2,2,52
1/16/2021,2,2,63
1/17/2021,2,2,65
1/18/2021,2,2,51
1/19/2021,2,2,42
1/20/2021,2,2,54
1/21/2021,2,2,49
1/22/2021,2,2,56
1/23/2021,2,2,66
1/24/2021,2,2,58
1/25/2021,2,2,48
1/26/2021,2,2,53
1/27/2021,2,2,57
1/28/2021,2,2,48
1/29/2021,2,2,57
1/30/2021,2,2,64
1/31/2021,2,2,76
2/1/2021,2,2,45
2/2/2021,2,2,65
2/3/2021,2,2,72
2/4/2021,2,2,59
2/5/2021,2,2,77
2/6/2021,2,2,76
2/7/2021,2,2,70
2/8/2021,2,2,55
2/9/2021,2,2,57
2/10/2021,2,2,60
2/11/2021,2,2,65
2/12/2021,2,2,62
2/13/2021,2,2,63
2/14/2021,2,2,72
2/15/2021,2,2,50
2/16/2021,2,2,74
2/17/2021,2,2,58
2/18/2021,2,2,71
2/19/2021,2,2,64
2/20/2021,2,2,81
2/21/2021,2,2,65
2/22/2021,2,2,43
2/23/2021,2,2,49
2/24/2021,2,2,55
2/25/2021,2,2,55
2/26/2021,2,2,78
2/27/2021,2,2,69
2/28/2021,2,2,56
2/29/2021,2,2,42
3/1/2021,2,2,77
3/2/2021,2,2,79
3/3/2021,2,2,85
3/4/2021,2,2,68
3/5/2021,2,2,89
3/6/2021,2,2,106
3/7/2021,2,2,49
3/8/2021,2,2,86
3/9/2021,2,2,61
3/10/2021,2,2,73
3/11/2021,2,2,75
3/12/2021,2,2,89
3/13/2021,2,2,87
3/14/2021,2,2,58
3/15/2021,2,2,59
3/16/2021,2,2,61
3/17/2021,2,2,72
3/18/2021,2,2,86
3/19/2021,2,2,96
3/20/2021,2,2,78
3/21/2021,2,2,72
3/22/2021,2,2,66
3/23/2021,2,2,56
3/24/2021,2,2,73
3/25/2021,2,2,82
3/26/2021,2,2,92
3/27/2021,2,2,71
3/28/2021,2,2,52
3/29/2021,2,2,69
3/30/2021,2,2,59
3/31/2021,2,2,68
4/1/2021,2,2,92
4/2/2021,2,2,106
4/3/2021,2,2,88
4/4/2021,2,2,76
4/5/2021,2,2,75
4/6/2021,2,2,76
4/7/2021,2,2,88
4/8/2021,2,2,85
4/9/2021,2,2,104
4/10/2021,2,2,98
4/11/2021,2,2,62
4/12/2021,2,2,81
4/13/2021,2,2,73
4/14/2021,2,2,83
4/15/2021,2,2,87
4/16/2021,2,2,117
4/17/2021,2,2,105
4/18/2021,2,2,77
4/19/2021,2,2,79
4/20/2021,2,2,61
4/21/2021,2,2,74
4/22/2021,2,2,99
4/23/2021,2,2,105
4/24/2021,2,2,114
4/25/2021,2,2,68
4/26/2021,2,2,82
4/27/2021,2,2,90
4/28/2021,2,2,75
4/29/2021,2,2,86
4/30/2021,2,2,86
5/1/2021,2,2,87
5/2/2021,2,2,72
5/3/2021,2,2,90
5/4/2021,2,2,86
5/5/2021,2,2,98
5/6/2021,2,2,100
5/7/2021,2,2,100
5/8/2021,2,2,107
5/9/2021,2,2,76
5/10/2021,2,2,108
5/11/2021,2,2,71
5/12/2021,2,2,89
5/13/2021,2,2,111
5/14/2021,2,2,104
5/15/2021,2,2,103
5/16/2021,2,2,73
5/17/2021,2,2,76
5/18/2021,2,2,84
5/19/2021,2,2,82
5/20/2021,2,2,99
5/21/2021,2,2,93
5/22/2021,2,2,110
5/23/2021,2,2,69
5/24/2021,2,2,89
5/25/2021,2,2,62
5/26/2021,2,2,89
5/27/2021,2,2,100
5/28/2021,2,2,93
5/29/2021,2,2,139
5/30/2021,2,2,78
5/31/2021,2,2,91
6/1/2021,2,2,105
6/2/2021,2,2,83
6/3/2021,2,2,104
6/4/2021,2,2,109
6/5/2021,2,2,124
6/6/2021,2,2,59
6/7/2021,2,2,95
6/8/2021,2,2,83
6/9/2021,2,2,85
6/10/2021,2,2,106
6/11/2021,2,2,96
6/12/2021,2,2,131
6/13/2021,2,2,68
6/14/2021,2,2,91
6/15/2021,2,2,97
6/16/2021,2,2,95
6/17/2021,2,2,115
6/18/2021,2,2,108
6/19/2021,2,2,124
6/20/2021,2,2,71
6/21/2021,2,2,86
6/22/2021,2,2,100
6/23/2021,2,2,106
6/24/2021,2,2,120
6/25/2021,2,2,98
6/26/2021,2,2,123
6/27/2021,2,2,71
6/28/2021,2,2,85
6/29/2021,2,2,79
6/30/2021,2,2,92
7/1/2021,2,2,108
7/2/2021,2,2,106
7/3/2021,2,2,138
7/4/2021,2,2,72
7/5/2021,2,2,92
7/6/2021,2,2,88
7/7/2021,2,2,102
7/8/2021,2,2,106
7/9/2021,2,2,91
7/10/2021,2,2,134
7/11/2021,2,2,80
7/12/2021,2,2,104
7/13/2021,2,2,106
7/14/2021,2,2,106
7/15/2021,2,2,105
7/16/2021,2,2,111
7/17/2021,2,2,113
7/18/2021,2,2,77
7/19/2021,2,2,86
7/20/2021,2,2,102
7/21/2021,2,2,86
7/22/2021,2,2,127
7/23/2021,2,2,107
7/24/2021,2,2,115
7/25/2021,2,2,89
7/26/2021,2,2,92
7/27/2021,2,2,74
7/28/2021,2,2,103
7/29/2021,2,2,109
7/30/2021,2,2,105
7/31/2021,2,2,119
8/1/2021,2,2,69
8/2/2021,2,2,93
8/3/2021,2,2,91
8/4/2021,2,2,118
8/5/2021,2,2,87
8/6/2021,2,2,136
8/7/2021,2,2,118
8/8/2021,2,2,80
8/9/2021,2,2,92
8/10/2021,2,2,81
8/11/2021,2,2,81
8/12/2021,2,2,111
8/13/2021,2,2,97
8/14/2021,2,2,116
8/15/2021,2,2,86
8/16/2021,2,2,87
8/17/2021,2,2,72
8/18/2021,2,2,93
8/19/2021,2,2,109
8/20/2021,2,2,97
8/21/2021,2,2,110
8/22/2021,2,2,72
8/23/2021,2,2,94
8/24/2021,2,2,85
8/25/2021,2,2,97
8/26/2021,2,2,79
8/27/2021,2,2,100
8/28/2021,2,2,125
8/29/2021,2,2,82
8/30/2021,2,2,82
8/31/2021,2,2,81
9/1/2021,2,2,97
9/2/2021,2,2,96
9/3/2021,2,2,116
9/4/2021,2,2,115
9/5/2021,2,2,79
9/6/2021,2,2,86
9/7/2021,2,2,74
9/8/2021,2,2,87
9/9/2021,2,2,90
9/10/2021,2,2,93
9/11/2021,2,2,106
9/12/2021,2,2,69
9/13/2021,2,2,66
9/14/2021,2,2,88
9/15/2021,2,2,83
9/16/2021,2,2,84
9/17/2021,2,2,89
9/18/2021,2,2,104
9/19/2021,2,2,89
9/20/2021,2,2,79
9/21/2021,2,2,84
9/22/2021,2,2,74
9/23/2021,2,2,101
9/24/2021,2,2,107
9/25/2021,2,2,90
9/26/2021,2,2,88
9/27/2021,2,2,78
9/28/2021,2,2,79
9/29/2021,2,2,76
9/30/2021,2,2,93
10/1/2021,2,2,88
10/2/2021,2,2,97
10/3/2021,2,2,53
10/4/2021,2,2,69
10/5/2021,2,2,76
10/6/2021,2,2,103
10/7/2021,2,2,97
10/8/2021,2,2,88
10/9/2021,2,2,93
10/10/2021,2,2,69
10/11/2021,2,2,64
10/12/2021,2,2,78
10/13/2021,2,2,77
10/14/2021,2,2,91
10/15/2021,2,2,79
10/16/2021,2,2,118
10/17/2021,2,2,81
10/18/2021,2,2,87
10/19/2021,2,2,87
10/20/2021,2,2,69
10/21/2021,2,2,88
10/22/2021,2,2,82
10/23/2021,2,2,93
10/24/2021,2,2,77
10/25/2021,2,2,88
10/26/2021,2,2,96
10/27/2021,2,2,81
10/28/2021,2,2,86
10/29/2021,2,2,91
10/30/2021,2,2,96
10/31/2021,2,2,66
11/1/2021,2,2,82
11/2/2021,2,2,79
11/3/2021,2,2,81
11/4/2021,2,2,78
11/5/2021,2,2,94
11/6/2021,2,2,104
11/7/2021,2,2,80
11/8/2021,2,2,71
11/9/2021,2,2,96
11/10/2021,2,2,84
11/11/2021,2,2,86
11/12/2021,2,2,86
11/13/2021,2,2,96
11/14/2021,2,2,74
11/15/2021,2,2,89
11/16/2021,2,2,76
11/17/2021,2,2,85
11/18/2021,2,2,88
11/19/2021,2,2,118
11/20/2021,2,2,104
11/21/2021,2,2,65
11/22/2021,2,2,91
11/23/2021,2,2,66
11/24/2021,2,2,85
11/25/2021,2,2,105
11/26/2021,2,2,75
11/27/2021,2,2,80
11/28/2021,2,2,72
11/29/2021,2,2,86
11/30/2021,2,2,82
12/1/2021,2,2,65
12/2/2021,2,2,62
12/3/2021,2,2,64
12/4/2021,2,2,78
12/5/2021,2,2,44
12/6/2021,2,2,49
12/7/2021,2,2,60
12/8/2021,2,2,64
12/9/2021,2,2,61
12/10/2021,2,2,73
12/11/2021,2,2,77
12/12/2021,2,2,51
12/13/2021,2,2,52
12/14/2021,2,2,59
12/15/2021,2,2,71
12/16/2021,2,2,54
12/17/2021,2,2,59
12/18/2021,2,2,67
12/19/2021,2,2,38
12/20/2021,2,2,51
12/21/2021,2,2,51
12/22/2021,2,2,72
12/23/2021,2,2,65
12/24/2021,2,2,55
12/25/2021,2,2,69
12/26/2021,2,2,47
12/27/2021,2,2,62
12/28/2021,2,2,41
12/29/2021,2,2,63
12/30/2021,2,2,50
12/31/2021,2,2,63
1/1/2022,2,2,65
1/2/2022,2,2,45
1/3/2022,2,2,50
1/4/2022,2,2,38
1/5/2022,2,2,72
1/6/2022,2,2,49
1/7/2022,2,2,64
1/8/2022,2,2,67
1/9/2022,2,2,52
1/10/2022,2,2,64
1/11/2022,2,2,48
1/12/2022,2,2,55
1/13/2022,2,2,66
1/14/2022,2,2,51
1/15/2022,2,2,81
1/16/2022,2,2,49
1/17/2022,2,2,47
1/18/2022,2,2,57
1/19/2022,2,2,60
1/20/2022,2,2,63
1/21/2022,2,2,63
1/22/2022,2,2,65
1/23/2022,2,2,46
1/24/2022,2,2,50
1/25/2022,2,2,48
1/26/2022,2,2,54
1/27/2022,2,2,51
1/28/2022,2,2,57
1/29/2022,2,2,55
1/30/2022,2,2,46
1/31/2022,2,2,55
2/1/2022,2,2,41
2/2/2022,2,2,76
2/3/2022,2,2,75
2/4/2022,2,2,56
2/5/2022,2,2,76
2/6/2022,2,2,51
2/7/2022,2,2,71
2/8/2022,2,2,60
2/9/2022,2,2,62
2/10/2022,2,2,68
2/11/2022,2,2,76
2/12/2022,2,2,79
2/13/2022,2,2,49
2/14/2022,2,2,57
2/15/2022,2,2,44
2/16/2022,2,2,72
2/17/2022,2,2,72
2/18/2022,2,2,71
2/19/2022,2,2,86
2/20/2022,2,2,47
2/21/2022,2,2,57
2/22/2022,2,2,66
2/23/2022,2,2,71
2/24/2022,2,2,60
2/25/2022,2,2,77
2/26/2022,2,2,85
2/27/2022,2,2,49
2/28/2022,2,2,47
3/1/2022,2,2,70
3/2/2022,2,2,94
3/3/2022,2,2,73
3/4/2022,2,2,83
3/5/2022,2,2,90
3/6/2022,2,2,63
3/7/2022,2,2,64
3/8/2022,2,2,93
3/9/2022,2,2,83
3/10/2022,2,2,65
3/11/2022,2,2,87
3/12/2022,2,2,101
3/13/2022,2,2,63
3/14/2022,2,2,76
3/15/2022,2,2,76
3/16/2022,2,2,64
3/17/2022,2,2,73
3/18/2022,2,2,79
3/19/2022,2,2,96
3/20/2022,2,2,55
3/21/2022,2,2,69
3/22/2022,2,2,81
3/23/2022,2,2,72
3/24/2022,2,2,78
3/25/2022,2,2,83
3/26/2022,2,2,81
3/27/2022,2,2,57
3/28/2022,2,2,75
3/29/2022,2,2,65
3/30/2022,2,2,94
3/31/2022,2,2,76
4/1/2022,2,2,97
4/2/2022,2,2,109
4/3/2022,2,2,62
4/4/2022,2,2,94
4/5/2022,2,2,72
4/6/2022,2,2,71
4/7/2022,2,2,104
4/8/2022,2,2,112
4/9/2022,2,2,121
4/10/2022,2,2,74
4/11/2022,2,2,76
4/12/2022,2,2,90
4/13/2022,2,2,75
4/14/2022,2,2,122
4/15/2022,2,2,98
4/16/2022,2,2,117
4/17/2022,2,2,70
4/18/2022,2,2,63
4/19/2022,2,2,91
4/20/2022,2,2,95
4/21/2022,2,2,92
4/22/2022,2,2,82
4/23/2022,2,2,103
4/24/2022,2,2,68
4/25/2022,2,2,84
4/26/2022,2,2,64
4/27/2022,2,2,88
4/28/2022,2,2,103
4/29/2022,2,2,86
4/30/2022,2,2,109
5/1/2022,2,2,75
5/2/2022,2,2,97
5/3/2022,2,2,79
5/4/2022,2,2,92
5/5/2022,2,2,96
5/6/2022,2,2,115
5/7/2022,2,2,115
5/8/2022,2,2,85
5/9/2022,2,2,87
5/10/2022,2,2,98
5/11/2022,2,2,81
5/12/2022,2,2,79
5/13/2022,2,2,99
5/14/2022,2,2,96
5/15/2022,2,2,78
5/16/2022,2,2,88
5/17/2022,2,2,95
5/18/2022,2,2,102
5/19/2022,2,2,100
5/20/2022,2,2,118
5/21/2022,2,2,117
5/22/2022,2,2,73
5/23/2022,2,2,93
5/24/2022,2,2,79
5/25/2022,2,2,81
5/26/2022,2,2,95
5/27/2022,2,2,101
5/28/2022,2,2,119
5/29/2022,2,2,61
5/30/2022,2,2,85
5/31/2022,2,2,93
6/1/2022,2,2,116
6/2/2022,2,2,119
6/3/2022,2,2,128
6/4/2022,2,2,121
6/5/2022,2,2,67
6/6/2022,2,2,95
6/7/2022,2,2,93
6/8/2022,2,2,101
6/9/2022,2,2,110
6/10/2022,2,2,126
6/11/2022,2,2,110
6/12/2022,2,2,76
6/13/2022,2,2,102
6/14/2022,2,2,84
6/15/2022,2,2,105
6/16/2022,2,2,111
6/17/2022,2,2,150
6/18/2022,2,2,118
6/19/2022,2,2,73
6/20/2022,2,2,89
6/21/2022,2,2,103
6/22/2022,2,2,98
6/23/2022,2,2,90
6/24/2022,2,2,123
6/25/2022,2,2,116
6/26/2022,2,2,75
6/27/2022,2,2,104
6/28/2022,2,2,100
6/29/2022,2,2,98
6/30/2022,2,2,100
7/1/2022,2,2,131
7/2/2022,2,2,129
7/3/2022,2,2,83
7/4/2022,2,2,105
7/5/2022,2,2,100
7/6/2022,2,2,121
7/7/2022,2,2,117
7/8/2022,2,2,115
7/9/2022,2,2,135
7/10/2022,2,2,84
7/11/2022,2,2,109
7/12/2022,2,2,91
7/13/2022,2,2,88
7/14/2022,2,2,131
7/15/2022,2,2,137
7/16/2022,2,2,135
7/17/2022,2,2,71
7/18/2022,2,2,79
7/19/2022,2,2,109
7/20/2022,2,2,118
7/21/2022,2,2,117
7/22/2022,2,2,104
7/23/2022,2,2,137
7/24/2022,2,2,68
7/25/2022,2,2,99
7/26/2022,2,2,99
7/27/2022,2,2,108
7/28/2022,2,2,135
7/29/2022,2,2,103
7/30/2022,2,2,118
7/31/2022,2,2,86
8/1/2022,2,2,99
8/2/2022,2,2,82
8/3/2022,2,2,89
8/4/2022,2,2,97
8/5/2022,2,2,87
8/6/2022,2,2,123
8/7/2022,2,2,71
8/8/2022,2,2,89
8/9/2022,2,2,88
8/10/2022,2,2,97
8/11/2022,2,2,115
8/12/2022,2,2,102
8/13/2022,2,2,105
8/14/2022,2,2,63
8/15/2022,2,2,86
8/16/2022,2,2,89
8/17/2022,2,2,92
8/18/2022,2,2,88
8/19/2022,2,2,126
8/20/2022,2,2,104
8/21/2022,2,2,73
8/22/2022,2,2,73
8/23/2022,2,2,86
8/24/2022,2,2,105
8/25/2022,2,2,108
8/26/2022,2,2,90
8/27/2022,2,2,106
8/28/2022,2,2,78
8/29/2022,2,2,106
8/30/2022,2,2,80
8/31/2022,2,2,97
9/1/2022,2,2,89
9/2/2022,2,2,102
9/3/2022,2,2,120
9/4/2022,2,2,52
9/5/2022,2,2,79
9/6/2022,2,2,91
9/7/2022,2,2,86
9/8/2022,2,2,98
9/9/2022,2,2,107
9/10/2022,2,2,86
9/11/2022,2,2,62
9/12/2022,2,2,94
9/13/2022,2,2,88
9/14/2022,2,2,92
9/15/2022,2,2,71
9/16/2022,2,2,93
9/17/2022,2,2,124
9/18/2022,2,2,76
9/19/2022,2,2,82
9/20/2022,2,2,84
9/21/2022,2,2,97
9/22/2022,2,2,88
9/23/2022,2,2,100
9/24/2022,2,2,132
9/25/2022,2,2,75
9/26/2022,2,2,80
9/27/2022,2,2,85
9/28/2022,2,2,88
9/29/2022,2,2,96
9/30/2022,2,2,96
10/1/2022,2,2,124
10/2/2022,2,2,68
10/3/2022,2,2,82
10/4/2022,2,2,79
10/5/2022,2,2,79
10/6/2022,2,2,68
10/7/2022,2,2,73
10/8/2022,2,2,96
10/9/2022,2,2,67
10/10/2022,2,2,81
10/11/2022,2,2,76
10/12/2022,2,2,59
10/13/2022,2,2,87
10/14/2022,2,2,86
10/15/2022,2,2,111
10/16/2022,2,2,66
10/17/2022,2,2,73
10/18/2022,2,2,88
10/19/2022,2,2,78
10/20/2022,2,2,101
10/21/2022,2,2,90
10/22/2022,2,2,103
10/23/2022,2,2,76
10/24/2022,2,2,77
10/25/2022,2,2,69
10/26/2022,2,2,85
10/27/2022,2,2,82
10/28/2022,2,2,97
10/29/2022,2,2,100
10/30/2022,2,2,58
10/31/2022,2,2,72
11/1/2022,2,2,84
11/2/2022,2,2,93
11/3/2022,2,2,78
11/4/2022,2,2,100
11/5/2022,2,2,103
11/6/2022,2,2,82
11/7/2022,2,2,86
11/8/2022,2,2,75
11/9/2022,2,2,92
11/10/2022,2,2,86
11/11/2022,2,2,99
11/12/2022,2,2,105
11/13/2022,2,2,56
11/14/2022,2,2,80
11/15/2022,2,2,92
11/16/2022,2,2,83
11/17/2022,2,2,88
11/18/2022,2,2,104
11/19/2022,2,2,103
11/20/2022,2,2,67
11/21/2022,2,2,89
11/22/2022,2,2,86
11/23/2022,2,2,97
11/24/2022,2,2,95
11/25/2022,2,2,87
11/26/2022,2,2,109
11/27/2022,2,2,68
11/28/2022,2,2,74
11/29/2022,2,2,79
11/30/2022,2,2,94
12/1/2022,2,2,83
12/2/2022,2,2,65
12/3/2022,2,2,60
12/4/2022,2,2,50
12/5/2022,2,2,65
12/6/2022,2,2,55
12/7/2022,2,2,63
12/8/2022,2,2,79
12/9/2022,2,2,73
12/10/2022,2,2,79
12/11/2022,2,2,56
12/12/2022,2,2,45
12/13/2022,2,2,60
12/14/2022,2,2,77
12/15/2022,2,2,72
12/16/2022,2,2,68
12/17/2022,2,2,56
12/18/2022,2,2,41
12/19/2022,2,2,52
12/20/2022,2,2,45
12/21/2022,2,2,60
12/22/2022,2,2,73
12/23/2022,2,2,64
12/24/2022,2,2,71
12/25/2022,2,2,57
12/26/2022,2,2,65
12/27/2022,2,2,74
12/28/2022,2,2,69
12/29/2022,2,2,56
12/30/2022,2,2,74
12/31/2022,2,2,79
1/1/2018,3,2,43
1/2/2018,3,2,27
1/3/2018,3,2,38
1/4/2018,3,2,35
1/5/2018,3,2,47
1/6/2018,3,2,49
1/7/2018,3,2,38
1/8/2018,3,2,26
1/9/2018,3,2,39
1/10/2018,3,2,32
1/11/2018,3,2,45
1/12/2018,3,2,46
1/13/2018,3,2,35
1/14/2018,3,2,35
1/15/2018,3,2,37
1/16/2018,3,2,34
1/17/2018,3,2,45
1/18/2018,3,2,49
1/19/2018,3,2,39
1/20/2018,3,2,41
1/21/2018,3,2,32
1/22/2018,3,2,30
1/23/2018,3,2,29
1/24/2018,3,2,41
1/25/2018,3,2,42
1/26/2018,3,2,48
1/27/2018,3,2,51
1/28/2018,3,2,31
1/29/2018,3,2,35
1/30/2018,3,2,37
1/31/2018,3,2,39
2/1/2018,3,2,35
2/2/2018,3,2,45
2/3/2018,3,2,45
2/4/2018,3,2,32
2/5/2018,3,2,40
2/6/2018,3,2,38
2/7/2018,3,2,45
2/8/2018,3,2,59
2/9/2018,3,2,49
2/10/2018,3,2,46
2/11/2018,3,2,31
2/12/2018,3,2,38
2/13/2018,3,2,47
2/14/2018,3,2,49
2/15/2018,3,2,51
2/16/2018,3,2,58
2/17/2018,3,2,45
2/18/2018,3,2,25
2/19/2018,3,2,37
2/20/2018,3,2,41
2/21/2018,3,2,45
2/22/2018,3,2,48
2/23/2018,3,2,34
2/24/2018,3,2,44
2/25/2018,3,2,30
2/26/2018,3,2,39
2/27/2018,3,2,29
2/28/2018,3,2,45
3/1/2018,3,2,43
3/2/2018,3,2,46
3/3/2018,3,2,54
3/4/2018,3,2,40
3/5/2018,3,2,50
3/6/2018,3,2,52
3/7/2018,3,2,43
3/8/2018,3,2,61
3/9/2018,3,2,48
3/10/2018,3,2,75
3/11/2018,3,2,44
3/12/2018,3,2,50
3/13/2018,3,2,51
3/14/2018,3,2,50
3/15/2018,3,2,46
3/16/2018,3,2,52
3/17/2018,3,2,64
3/18/2018,3,2,45
3/19/2018,3,2,53
3/20/2018,3,2,36
3/21/2018,3,2,54
3/22/2018,3,2,64
3/23/2018,3,2,46
3/24/2018,3,2,58
3/25/2018,3,2,36
3/26/2018,3,2,50
3/27/2018,3,2,52
3/28/2018,3,2,43
3/29/2018,3,2,56
3/30/2018,3,2,67
3/31/2018,3,2,76
4/1/2018,3,2,45
4/2/2018,3,2,46
4/3/2018,3,2,51
4/4/2018,3,2,43
4/5/2018,3,2,65
4/6/2018,3,2,64
4/7/2018,3,2,80
4/8/2018,3,2,47
4/9/2018,3,2,51
4/10/2018,3,2,58
4/11/2018,3,2,55
4/12/2018,3,2,60
4/13/2018,3,2,68
4/14/2018,3,2,67
4/15/2018,3,2,49
4/16/2018,3,2,50
4/17/2018,3,2,60
4/18/2018,3,2,52
4/19/2018,3,2,56
4/20/2018,3,2,67
4/21/2018,3,2,82
4/22/2018,3,2,41
4/23/2018,3,2,53
4/24/2018,3,2,53
4/25/2018,3,2,56
4/26/2018,3,2,61
4/27/2018,3,2,73
4/28/2018,3,2,85
4/29/2018,3,2,51
4/30/2018,3,2,47
5/1/2018,3,2,54
5/2/2018,3,2,72
5/3/2018,3,2,67
5/4/2018,3,2,76
5/5/2018,3,2,66
5/6/2018,3,2,43
5/7/2018,3,2,53
5/8/2018,3,2,58
5/9/2018,3,2,73
5/10/2018,3,2,64
5/11/2018,3,2,72
5/12/2018,3,2,69
5/13/2018,3,2,43
5/14/2018,3,2,60
5/15/2018,3,2,61
5/16/2018,3,2,54
5/17/2018,3,2,64
5/18/2018,3,2,70
5/19/2018,3,2,79
5/20/2018,3,2,42
5/21/2018,3,2,52
5/22/2018,3,2,58
5/23/2018,3,2,58
5/24/2018,3,2,54
5/25/2018,3,2,85
5/26/2018,3,2,72
5/27/2018,3,2,54
5/28/2018,3,2,60
5/29/2018,3,2,60
5/30/2018,3,2,63
5/31/2018,3,2,64
6/1/2018,3,2,80
6/2/2018,3,2,73
6/3/2018,3,2,44
6/4/2018,3,2,53
6/5/2018,3,2,63
6/6/2018,3,2,57
6/7/2018,3,2,74
6/8/2018,3,2,78
6/9/2018,3,2,80
6/10/2018,3,2,49
6/11/2018,3,2,60
6/12/2018,3,2,74
6/13/2018,3,2,58
6/14/2018,3,2,61
6/15/2018,3,2,52
6/16/2018,3,2,82
6/17/2018,3,2,46
6/18/2018,3,2,70
6/19/2018,3,2,51
6/20/2018,3,2,77
6/21/2018,3,2,58
6/22/2018,3,2,82
6/23/2018,3,2,78
6/24/2018,3,2,49
6/25/2018,3,2,55
6/26/2018,3,2,75
6/27/2018,3,2,65
6/28/2018,3,2,70
6/29/2018,3,2,71
6/30/2018,3,2,84
7/1/2018,3,2,63
7/2/2018,3,2,64
7/3/2018,3,2,66
7/4/2018,3,2,73
7/5/2018,3,2,66
7/6/2018,3,2,94
7/7/2018,3,2,88
7/8/2018,3,2,57
7/9/2018,3,2,63
7/10/2018,3,2,62
7/11/2018,3,2,74
7/12/2018,3,2,86
7/13/2018,3,2,88
7/14/2018,3,2,90
7/15/2018,3,2,58
7/16/2018,3,2,64
7/17/2018,3,2,59
7/18/2018,3,2,77
7/19/2018,3,2,59
7/20/2018,3,2,98
7/21/2018,3,2,86
7/22/2018,3,2,57
7/23/2018,3,2,73
7/24/2018,3,2,56
7/25/2018,3,2,75
7/26/2018,3,2,80
7/27/2018,3,2,67
7/28/2018,3,2,89
7/29/2018,3,2,55
7/30/2018,3,2,63
7/31/2018,3,2,72
8/1/2018,3,2,60
8/2/2018,3,2,73
8/3/2018,3,2,74
8/4/2018,3,2,84
8/5/2018,3,2,41
8/6/2018,3,2,59
8/7/2018,3,2,39
8/8/2018,3,2,70
8/9/2018,3,2,63
8/10/2018,3,2,82
8/11/2018,3,2,75
8/12/2018,3,2,53
8/13/2018,3,2,43
8/14/2018,3,2,58
8/15/2018,3,2,55
8/16/2018,3,2,56
8/17/2018,3,2,90
8/18/2018,3,2,78
8/19/2018,3,2,60
8/20/2018,3,2,63
8/21/2018,3,2,44
8/22/2018,3,2,55
8/23/2018,3,2,92
8/24/2018,3,2,71
8/25/2018,3,2,72
8/26/2018,3,2,60
8/27/2018,3,2,45
8/28/2018,3,2,61
8/29/2018,3,2,61
8/30/2018,3,2,63
8/31/2018,3,2,79
9/1/2018,3,2,61
9/2/2018,3,2,48
9/3/2018,3,2,45
9/4/2018,3,2,53
9/5/2018,3,2,54
9/6/2018,3,2,59
9/7/2018,3,2,57
9/8/2018,3,2,65
9/9/2018,3,2,35
9/10/2018,3,2,53
9/11/2018,3,2,59
9/12/2018,3,2,65
9/13/2018,3,2,60
9/14/2018,3,2,59
9/15/2018,3,2,61
9/16/2018,3,2,47
9/17/2018,3,2,50
9/18/2018,3,2,56
9/19/2018,3,2,52
9/20/2018,3,2,72
9/21/2018,3,2,64
9/22/2018,3,2,80
9/23/2018,3,2,51
9/24/2018,3,2,60
9/25/2018,3,2,58
9/26/2018,3,2,56
9/27/2018,3,2,55
9/28/2018,3,2,50
9/29/2018,3,2,79
9/30/2018,3,2,40
10/1/2018,3,2,53
10/2/2018,3,2,61
10/3/2018,3,2,53
10/4/2018,3,2,69
10/5/2018,3,2,61
10/6/2018,3,2,59
10/7/2018,3,2,41
10/8/2018,3,2,43
10/9/2018,3,2,41
10/10/2018,3,2,56
10/11/2018,3,2,67
10/12/2018,3,2,58
10/13/2018,3,2,60
10/14/2018,3,2,33
10/15/2018,3,2,46
10/16/2018,3,2,42
10/17/2018,3,2,41
10/18/2018,3,2,58
10/19/2018,3,2,56
10/20/2018,3,2,45
10/21/2018,3,2,38
10/22/2018,3,2,50
10/23/2018,3,2,57
10/24/2018,3,2,49
10/25/2018,3,2,71
10/26/2018,3,2,69
10/27/2018,3,2,67
10/28/2018,3,2,45
10/29/2018,3,2,50
10/30/2018,3,2,41
10/31/2018,3,2,56
11/1/2018,3,2,67
11/2/2018,3,2,83
11/3/2018,3,2,55
11/4/2018,3,2,54
11/5/2018,3,2,52
11/6/2018,3,2,57
11/7/2018,3,2,56
11/8/2018,3,2,66
11/9/2018,3,2,55
11/10/2018,3,2,65
11/11/2018,3,2,47
11/12/2018,3,2,54
11/13/2018,3,2,54
11/14/2018,3,2,71
11/15/2018,3,2,55
11/16/2018,3,2,63
11/17/2018,3,2,63
11/18/2018,3,2,59
11/19/2018,3,2,50
11/20/2018,3,2,59
11/21/2018,3,2,67
11/22/2018,3,2,58
11/23/2018,3,2,58
11/24/2018,3,2,70
11/25/2018,3,2,43
11/26/2018,3,2,66
11/27/2018,3,2,60
11/28/2018,3,2,61
11/29/2018,3,2,54
11/30/2018,3,2,65
12/1/2018,3,2,43
12/2/2018,3,2,30
12/3/2018,3,2,39
12/4/2018,3,2,37
12/5/2018,3,2,50
12/6/2018,3,2,51
12/7/2018,3,2,51
12/8/2018,3,2,61
12/9/2018,3,2,29
12/10/2018,3,2,47
12/11/2018,3,2,41
12/12/2018,3,2,35
12/13/2018,3,2,40
12/14/2018,3,2,56
12/15/2018,3,2,38
12/16/2018,3,2,39
12/17/2018,3,2,22
12/18/2018,3,2,38
12/19/2018,3,2,35
12/20/2018,3,2,45
12/21/2018,3,2,54
12/22/2018,3,2,48
12/23/2018,3,2,19
12/24/2018,3,2,45
12/25/2018,3,2,32
12/26/2018,3,2,44
12/27/2018,3,2,48
12/28/2018,3,2,43
12/29/2018,3,2,52
12/30/2018,3,2,37
12/31/2018,3,2,38
1/1/2019,3,2,54
1/2/2019,3,2,53
1/3/2019,3,2,46
1/4/2019,3,2,51
1/5/2019,3,2,57
1/6/2019,3,2,37
1/7/2019,3,2,43
1/8/2019,3,2,44
1/9/2019,3,2,42
1/10/2019,3,2,42
1/11/2019,3,2,43
1/12/2019,3,2,40
1/13/2019,3,2,38
1/14/2019,3,2,34
1/15/2019,3,2,40
1/16/2019,3,2,35
1/17/2019,3,2,48
1/18/2019,3,2,50
1/19/2019,3,2,46
1/20/2019,3,2,35
1/21/2019,3,2,34
1/22/2019,3,2,35
1/23/2019,3,2,43
1/24/2019,3,2,49
1/25/2019,3,2,45
1/26/2019,3,2,51
1/27/2019,3,2,33
1/28/2019,3,2,40
1/29/2019,3,2,38
1/30/2019,3,2,44
1/31/2019,3,2,49
2/1/2019,3,2,50
2/2/2019,3,2,64
2/3/2019,3,2,41
2/4/2019,3,2,49
2/5/2019,3,2,49
2/6/2019,3,2,54
2/7/2019,3,2,51
2/8/2019,3,2,57
2/9/2019,3,2,57
2/10/2019,3,2,36
2/11/2019,3,2,45
2/12/2019,3,2,45
2/13/2019,3,2,56
2/14/2019,3,2,53
2/15/2019,3,2,63
2/16/2019,3,2,67
2/17/2019,3,2,41
2/18/2019,3,2,51
2/19/2019,3,2,38
2/20/2019,3,2,48
2/21/2019,3,2,45
2/22/2019,3,2,48
2/23/2019,3,2,49
2/24/2019,3,2,34
2/25/2019,3,2,42
2/26/2019,3,2,45
2/27/2019,3,2,51
2/28/2019,3,2,71
3/1/2019,3,2,41
3/2/2019,3,2,67
3/3/2019,3,2,40
3/4/2019,3,2,50
3/5/2019,3,2,58
3/6/2019,3,2,58
3/7/2019,3,2,55
3/8/2019,3,2,74
3/9/2019,3,2,66
3/10/2019,3,2,56
3/11/2019,3,2,44
3/12/2019,3,2,59
3/13/2019,3,2,53
3/14/2019,3,2,71
3/15/2019,3,2,69
3/16/2019,3,2,66
3/17/2019,3,2,51
3/18/2019,3,2,62
3/19/2019,3,2,61
3/20/2019,3,2,54
3/21/2019,3,2,68
3/22/2019,3,2,80
3/23/2019,3,2,59
3/24/2019,3,2,46
3/25/2019,3,2,58
3/26/2019,3,2,76
3/27/2019,3,2,60
3/28/2019,3,2,72
3/29/2019,3,2,64
3/30/2019,3,2,68
3/31/2019,3,2,45
4/1/2019,3,2,54
4/2/2019,3,2,62
4/3/2019,3,2,81
4/4/2019,3,2,68
4/5/2019,3,2,83
4/6/2019,3,2,83
4/7/2019,3,2,48
4/8/2019,3,2,64
4/9/2019,3,2,68
4/10/2019,3,2,68
4/11/2019,3,2,85
4/12/2019,3,2,80
4/13/2019,3,2,81
4/14/2019,3,2,57
4/15/2019,3,2,68
4/16/2019,3,2,63
4/17/2019,3,2,74
4/18/2019,3,2,69
4/19/2019,3,2,88
4/20/2019,3,2,94
4/21/2019,3,2,65
4/22/2019,3,2,62
4/23/2019,3,2,74
4/24/2019,3,2,69
4/25/2019,3,2,64
4/26/2019,3,2,76
4/27/2019,3,2,86
4/28/2019,3,2,41
4/29/2019,3,2,52
4/30/2019,3,2,58
5/1/2019,3,2,79
5/2/2019,3,2,86
5/3/2019,3,2,74
5/4/2019,3,2,102
5/5/2019,3,2,62
5/6/2019,3,2,61
5/7/2019,3,2,55
5/8/2019,3,2,73
5/9/2019,3,2,73
5/10/2019,3,2,76
5/11/2019,3,2,86
5/12/2019,3,2,47
5/13/2019,3,2,68
5/14/2019,3,2,62
5/15/2019,3,2,69
5/16/2019,3,2,73
5/17/2019,3,2,78
5/18/2019,3,2,86
5/19/2019,3,2,59
5/20/2019,3,2,67
5/21/2019,3,2,65
5/22/2019,3,2,63
5/23/2019,3,2,68
5/24/2019,3,2,74
5/25/2019,3,2,80
5/26/2019,3,2,47
5/27/2019,3,2,70
5/28/2019,3,2,58
5/29/2019,3,2,64
5/30/2019,3,2,73
5/31/2019,3,2,86
6/1/2019,3,2,88
6/2/2019,3,2,69
6/3/2019,3,2,73
6/4/2019,3,2,71
6/5/2019,3,2,83
6/6/2019,3,2,78
6/7/2019,3,2,84
6/8/2019,3,2,110
6/9/2019,3,2,69
6/10/2019,3,2,79
6/11/2019,3,2,61
6/12/2019,3,2,78
6/13/2019,3,2,86
6/14/2019,3,2,75
6/15/2019,3,2,71
6/16/2019,3,2,49
6/17/2019,3,2,62
6/18/2019,3,2,84
6/19/2019,3,2,83
6/20/2019,3,2,80
6/21/2019,3,2,88
6/22/2019,3,2,88
6/23/2019,3,2,59
6/24/2019,3,2,83
6/25/2019,3,2,74
6/26/2019,3,2,72
6/27/2019,3,2,99
6/28/2019,3,2,82
6/29/2019,3,2,106
6/30/2019,3,2,53
7/1/2019,3,2,88
7/2/2019,3,2,68
7/3/2019,3,2,87
7/4/2019,3,2,100
7/5/2019,3,2,90
7/6/2019,3,2,105
7/7/2019,3,2,80
7/8/2019,3,2,73
7/9/2019,3,2,73
7/10/2019,3,2,97
7/11/2019,3,2,88
7/12/2019,3,2,91
7/13/2019,3,2,90
7/14/2019,3,2,61
7/15/2019,3,2,58
7/16/2019,3,2,63
7/17/2019,3,2,67
7/18/2019,3,2,104
7/19/2019,3,2,85
7/20/2019,3,2,87
7/21/2019,3,2,60
7/22/2019,3,2,76
7/23/2019,3,2,88
7/24/2019,3,2,96
7/25/2019,3,2,93
7/26/2019,3,2,93
7/27/2019,3,2,97
7/28/2019,3,2,72
7/29/2019,3,2,68
7/30/2019,3,2,69
7/31/2019,3,2,104
8/1/2019,3,2,63
8/2/2019,3,2,87
8/3/2019,3,2,84
8/4/2019,3,2,62
8/5/2019,3,2,69
8/6/2019,3,2,56
8/7/2019,3,2,62
8/8/2019,3,2,82
8/9/2019,3,2,87
8/10/2019,3,2,90
8/11/2019,3,2,57
8/12/2019,3,2,65
8/13/2019,3,2,73
8/14/2019,3,2,65
8/15/2019,3,2,72
8/16/2019,3,2,65
8/17/2019,3,2,79
8/18/2019,3,2,65
8/19/2019,3,2,57
8/20/2019,3,2,58
8/21/2019,3,2,82
8/22/2019,3,2,82
8/23/2019,3,2,75
8/24/2019,3,2,97
8/25/2019,3,2,50
8/26/2019,3,2,70
8/27/2019,3,2,51
8/28/2019,3,2,69
8/29/2019,3,2,72
8/30/2019,3,2,79
8/31/2019,3,2,95
9/1/2019,3,2,57
9/2/2019,3,2,62
9/3/2019,3,2,58
9/4/2019,3,2,59
9/5/2019,3,2,71
9/6/2019,3,2,73
9/7/2019,3,2,97
9/8/2019,3,2,66
9/9/2019,3,2,64
9/10/2019,3,2,70
9/11/2019,3,2,67
9/12/2019,3,2,75
9/13/2019,3,2,69
9/14/2019,3,2,79
9/15/2019,3,2,66
9/16/2019,3,2,73
9/17/2019,3,2,72
9/18/2019,3,2,64
9/19/2019,3,2,90
9/20/2019,3,2,75
9/21/2019,3,2,84
9/22/2019,3,2,40
9/23/2019,3,2,72
9/24/2019,3,2,82
9/25/2019,3,2,73
9/26/2019,3,2,67
9/27/2019,3,2,52
9/28/2019,3,2,71
9/29/2019,3,2,46
9/30/2019,3,2,59
10/1/2019,3,2,59
10/2/2019,3,2,60
10/3/2019,3,2,64
10/4/2019,3,2,66
10/5/2019,3,2,65
10/6/2019,3,2,52
10/7/2019,3,2,37
10/8/2019,3,2,56
10/9/2019,3,2,57
10/10/2019,3,2,56
10/11/2019,3,2,80
10/12/2019,3,2,85
10/13/2019,3,2,56
10/14/2019,3,2,62
10/15/2019,3,2,62
10/16/2019,3,2,60
10/17/2019,3,2,79
10/18/2019,3,2,72
10/19/2019,3,2,62
10/20/2019,3,2,53
10/21/2019,3,2,68
10/22/2019,3,2,72
10/23/2019,3,2,57
10/24/2019,3,2,59
10/25/2019,3,2,70
10/26/2019,3,2,63
10/27/2019,3,2,39
10/28/2019,3,2,57
10/29/2019,3,2,59
10/30/2019,3,2,61
10/31/2019,3,2,78
11/1/2019,3,2,64
11/2/2019,3,2,88
11/3/2019,3,2,59
11/4/2019,3,2,65
11/5/2019,3,2,59
11/6/2019,3,2,60
11/7/2019,3,2,69
11/8/2019,3,2,83
11/9/2019,3,2,85
11/10/2019,3,2,48
11/11/2019,3,2,64
11/12/2019,3,2,61
11/13/2019,3,2,70
11/14/2019,3,2,77
11/15/2019,3,2,81
11/16/2019,3,2,79
11/17/2019,3,2,51
11/18/2019,3,2,67
11/19/2019,3,2,57
11/20/2019,3,2,66
11/21/2019,3,2,67
11/22/2019,3,2,66
11/23/2019,3,2,87
11/24/2019,3,2,57
11/25/2019,3,2,51
11/26/2019,3,2,61
11/27/2019,3,2,64
11/28/2019,3,2,72
11/29/2019,3,2,64
11/30/2019,3,2,76
12/1/2019,3,2,48
12/2/2019,3,2,45
12/3/2019,3,2,35
12/4/2019,3,2,48
12/5/2019,3,2,59
12/6/2019,3,2,50
12/7/2019,3,2,47
12/8/2019,3,2,45
12/9/2019,3,2,45
12/10/2019,3,2,52
12/11/2019,3,2,54
12/12/2019,3,2,46
12/13/2019,3,2,52
12/14/2019,3,2,49
12/15/2019,3,2,36
12/16/2019,3,2,41
12/17/2019,3,2,42
12/18/2019,3,2,56
12/19/2019,3,2,63
12/20/2019,3,2,55
12/21/2019,3,2,61
12/22/2019,3,2,35
12/23/2019,3,2,46
12/24/2019,3,2,32
12/25/2019,3,2,53
12/26/2019,3,2,60
12/27/2019,3,2,53
12/28/2019,3,2,49
12/29/2019,3,2,42
12/30/2019,3,2,52
12/31/2019,3,2,49
1/1/2020,3,2,45
1/2/2020,3,2,38
1/3/2020,3,2,41
1/4/2020,3,2,59
1/5/2020,3,2,31
1/6/2020,3,2,57
1/7/2020,3,2,38
1/8/2020,3,2,43
1/9/2020,3,2,43
1/10/2020,3,2,55
1/11/2020,3,2,47
1/12/2020,3,2,30
1/13/2020,3,2,40
1/14/2020,3,2,41
1/15/2020,3,2,45
1/16/2020,3,2,40
1/17/2020,3,2,41
1/18/2020,3,2,62
1/19/2020,3,2,46
1/20/2020,3,2,42
1/21/2020,3,2,29
1/22/2020,3,2,48
1/23/2020,3,2,59
1/24/2020,3,2,53
1/25/2020,3,2,51
1/26/2020,3,2,39
1/27/2020,3,2,49
1/28/2020,3,2,36
1/29/2020,3,2,51
1/30/2020,3,2,52
1/31/2020,3,2,43
2/1/2020,3,2,64
2/2/2020,3,2,35
2/3/2020,3,2,66
2/4/2020,3,2,61
2/5/2020,3,2,49
2/6/2020,3,2,45
2/7/2020,3,2,57
2/8/2020,3,2,67
2/9/2020,3,2,39
2/10/2020,3,2,55
2/11/2020,3,2,46
2/12/2020,3,2,44
2/13/2020,3,2,61
2/14/2020,3,2,57
2/15/2020,3,2,66
2/16/2020,3,2,39
2/17/2020,3,2,54
2/18/2020,3,2,40
2/19/2020,3,2,37
2/20/2020,3,2,59
2/21/2020,3,2,62
2/22/2020,3,2,56
2/23/2020,3,2,31
2/24/2020,3,2,51
2/25/2020,3,2,42
2/26/2020,3,2,30
2/27/2020,3,2,41
2/28/2020,3,2,45
3/1/2020,3,2,86
3/2/2020,3,2,44
3/3/2020,3,2,51
3/4/2020,3,2,49
3/5/2020,3,2,56
3/6/2020,3,2,72
3/7/2020,3,2,75
3/8/2020,3,2,74
3/9/2020,3,2,44
3/10/2020,3,2,54
3/11/2020,3,2,61
3/12/2020,3,2,50
3/13/2020,3,2,65
3/14/2020,3,2,58
3/15/2020,3,2,65
3/16/2020,3,2,51
3/17/2020,3,2,61
3/18/2020,3,2,49
3/19/2020,3,2,63
3/20/2020,3,2,65
3/21/2020,3,2,55
3/22/2020,3,2,67
3/23/2020,3,2,54
3/24/2020,3,2,67
3/25/2020,3,2,52
3/26/2020,3,2,70
3/27/2020,3,2,54
3/28/2020,3,2,85
3/29/2020,3,2,49
3/30/2020,3,2,42
3/31/2020,3,2,50
4/1/2020,3,2,68
4/2/2020,3,2,67
4/3/2020,3,2,70
4/4/2020,3,2,71
4/5/2020,3,2,68
4/6/2020,3,2,41
4/7/2020,3,2,69
4/8/2020,3,2,43
4/9/2020,3,2,62
4/10/2020,3,2,77
4/11/2020,3,2,93
4/12/2020,3,2,82
4/13/2020,3,2,61
4/14/2020,3,2,60
4/15/2020,3,2,53
4/16/2020,3,2,65
4/17/2020,3,2,78
4/18/2020,3,2,71
4/19/2020,3,2,90
4/20/2020,3,2,48
4/21/2020,3,2,67
4/22/2020,3,2,71
4/23/2020,3,2,59
4/24/2020,3,2,70
4/25/2020,3,2,78
4/26/2020,3,2,83
4/27/2020,3,2,59
4/28/2020,3,2,64
4/29/2020,3,2,64
4/30/2020,3,2,54
5/1/2020,3,2,87
5/2/2020,3,2,70
5/3/2020,3,2,75
5/4/2020,3,2,64
5/5/2020,3,2,74
5/6/2020,3,2,62
5/7/2020,3,2,80
5/8/2020,3,2,86
5/9/2020,3,2,74
5/10/2020,3,2,109
5/11/2020,3,2,53
5/12/2020,3,2,95
5/13/2020,3,2,78
5/14/2020,3,2,84
5/15/2020,3,2,71
5/16/2020,3,2,84
5/17/2020,3,2,86
5/18/2020,3,2,58
5/19/2020,3,2,74
5/20/2020,3,2,96
5/21/2020,3,2,78
5/22/2020,3,2,76
5/23/2020,3,2,85
5/24/2020,3,2,95
5/25/2020,3,2,54
5/26/2020,3,2,82
5/27/2020,3,2,64
5/28/2020,3,2,73
5/29/2020,3,2,75
5/30/2020,3,2,72
5/31/2020,3,2,75
6/1/2020,3,2,56
6/2/2020,3,2,86
6/3/2020,3,2,72
6/4/2020,3,2,88
6/5/2020,3,2,78
6/6/2020,3,2,116
6/7/2020,3,2,95
6/8/2020,3,2,62
6/9/2020,3,2,78
6/10/2020,3,2,78
6/11/2020,3,2,98
6/12/2020,3,2,87
6/13/2020,3,2,109
6/14/2020,3,2,104
6/15/2020,3,2,66
6/16/2020,3,2,68
6/17/2020,3,2,65
6/18/2020,3,2,62
6/19/2020,3,2,84
6/20/2020,3,2,87
6/21/2020,3,2,96
6/22/2020,3,2,59
6/23/2020,3,2,78
6/24/2020,3,2,76
6/25/2020,3,2,82
6/26/2020,3,2,96
6/27/2020,3,2,83
6/28/2020,3,2,87
6/29/2020,3,2,71
6/30/2020,3,2,78
7/1/2020,3,2,67
7/2/2020,3,2,100
7/3/2020,3,2,93
7/4/2020,3,2,91
7/5/2020,3,2,110
7/6/2020,3,2,79
7/7/2020,3,2,82
7/8/2020,3,2,82
7/9/2020,3,2,77
7/10/2020,3,2,109
7/11/2020,3,2,107
7/12/2020,3,2,88
7/13/2020,3,2,54
7/14/2020,3,2,77
7/15/2020,3,2,69
7/16/2020,3,2,95
7/17/2020,3,2,97
7/18/2020,3,2,94
7/19/2020,3,2,98
7/20/2020,3,2,67
7/21/2020,3,2,85
7/22/2020,3,2,70
7/23/2020,3,2,91
7/24/2020,3,2,102
7/25/2020,3,2,104
7/26/2020,3,2,96
7/27/2020,3,2,66
7/28/2020,3,2,82
7/29/2020,3,2,85
7/30/2020,3,2,94
7/31/2020,3,2,85
8/1/2020,3,2,79
8/2/2020,3,2,95
8/3/2020,3,2,75
8/4/2020,3,2,79
8/5/2020,3,2,50
8/6/2020,3,2,74
8/7/2020,3,2,62
8/8/2020,3,2,88
8/9/2020,3,2,80
8/10/2020,3,2,63
8/11/2020,3,2,55
8/12/2020,3,2,82
8/13/2020,3,2,84
8/14/2020,3,2,59
8/15/2020,3,2,92
8/16/2020,3,2,84
8/17/2020,3,2,64
8/18/2020,3,2,86
8/19/2020,3,2,78
8/20/2020,3,2,80
8/21/2020,3,2,74
8/22/2020,3,2,94
8/23/2020,3,2,88
8/24/2020,3,2,55
8/25/2020,3,2,57
8/26/2020,3,2,66
8/27/2020,3,2,77
8/28/2020,3,2,73
8/29/2020,3,2,77
8/30/2020,3,2,111
8/31/2020,3,2,75
9/1/2020,3,2,73
9/2/2020,3,2,63
9/3/2020,3,2,88
9/4/2020,3,2,67
9/5/2020,3,2,92
9/6/2020,3,2,79
9/7/2020,3,2,58
9/8/2020,3,2,72
9/9/2020,3,2,61
9/10/2020,3,2,75
9/11/2020,3,2,85
9/12/2020,3,2,82
9/13/2020,3,2,98
9/14/2020,3,2,53
9/15/2020,3,2,73
9/16/2020,3,2,59
9/17/2020,3,2,76
9/18/2020,3,2,72
9/19/2020,3,2,74
9/20/2020,3,2,70
9/21/2020,3,2,54
9/22/2020,3,2,78
9/23/2020,3,2,59
9/24/2020,3,2,80
9/25/2020,3,2,71
9/26/2020,3,2,85
9/27/2020,3,2,81
9/28/2020,3,2,72
9/29/2020,3,2,59
9/30/2020,3,2,64
10/1/2020,3,2,65
10/2/2020,3,2,80
10/3/2020,3,2,74
10/4/2020,3,2,76
10/5/2020,3,2,58
10/6/2020,3,2,66
10/7/2020,3,2,58
10/8/2020,3,2,65
10/9/2020,3,2,61
10/10/2020,3,2,72
10/11/2020,3,2,83
10/12/2020,3,2,60
10/13/2020,3,2,62
10/14/2020,3,2,66
10/15/2020,3,2,61
10/16/2020,3,2,76
10/17/2020,3,2,81
10/18/2020,3,2,74
10/19/2020,3,2,56
10/20/2020,3,2,69
10/21/2020,3,2,68
10/22/2020,3,2,75
10/23/2020,3,2,74
10/24/2020,3,2,69
10/25/2020,3,2,73
10/26/2020,3,2,28
10/27/2020,3,2,52
10/28/2020,3,2,63
10/29/2020,3,2,65
10/30/2020,3,2,86
10/31/2020,3,2,62
11/1/2020,3,2,81
11/2/2020,3,2,57
11/3/2020,3,2,59
11/4/2020,3,2,61
11/5/2020,3,2,67
11/6/2020,3,2,75
11/7/2020,3,2,90
11/8/2020,3,2,85
11/9/2020,3,2,63
11/10/2020,3,2,56
11/11/2020,3,2,75
11/12/2020,3,2,83
11/13/2020,3,2,85
11/14/2020,3,2,82
11/15/2020,3,2,72
11/16/2020,3,2,55
11/17/2020,3,2,62
11/18/2020,3,2,47
11/19/2020,3,2,67
11/20/2020,3,2,69
11/21/2020,3,2,88
11/22/2020,3,2,79
11/23/2020,3,2,54
11/24/2020,3,2,67
11/25/2020,3,2,77
11/26/2020,3,2,59
11/27/2020,3,2,64
11/28/2020,3,2,86
11/29/2020,3,2,99
11/30/2020,3,2,43
12/1/2020,3,2,45
12/2/2020,3,2,49
12/3/2020,3,2,49
12/4/2020,3,2,45
12/5/2020,3,2,70
12/6/2020,3,2,63
12/7/2020,3,2,43
12/8/2020,3,2,43
12/9/2020,3,2,46
12/10/2020,3,2,50
12/11/2020,3,2,53
12/12/2020,3,2,47
12/13/2020,3,2,59
12/14/2020,3,2,31
12/15/2020,3,2,48
12/16/2020,3,2,44
12/17/2020,3,2,55
12/18/2020,3,2,48
12/19/2020,3,2,65
12/20/2020,3,2,59
12/21/2020,3,2,36
12/22/2020,3,2,36
12/23/2020,3,2,52
12/24/2020,3,2,41
12/25/2020,3,2,53
12/26/2020,3,2,64
12/27/2020,3,2,51
12/28/2020,3,2,44
12/29/2020,3,2,53
12/30/2020,3,2,47
12/31/2020,3,2,39
1/1/2021,3,2,51
1/2/2021,3,2,51
1/3/2021,3,2,69
1/4/2021,3,2,24
1/5/2021,3,2,44
1/6/2021,3,2,44
1/7/2021,3,2,60
1/8/2021,3,2,39
1/9/2021,3,2,47
1/10/2021,3,2,67
1/11/2021,3,2,40
1/12/2021,3,2,49
1/13/2021,3,2,44
1/14/2021,3,2,53
1/15/2021,3,2,55
1/16/2021,3,2,46
1/17/2021,3,2,53
1/18/2021,3,2,41
1/19/2021,3,2,49
1/20/2021,3,2,41
1/21/2021,3,2,52
1/22/2021,3,2,54
1/23/2021,3,2,55
1/24/2021,3,2,63
1/25/2021,3,2,45
1/26/2021,3,2,48
1/27/2021,3,2,45
1/28/2021,3,2,40
1/29/2021,3,2,42
1/30/2021,3,2,48
1/31/2021,3,2,61
2/1/2021,3,2,39
2/2/2021,3,2,42
2/3/2021,3,2,38
2/4/2021,3,2,52
2/5/2021,3,2,56
2/6/2021,3,2,63
2/7/2021,3,2,60
2/8/2021,3,2,37
2/9/2021,3,2,51
2/10/2021,3,2,63
2/11/2021,3,2,50
2/12/2021,3,2,50
2/13/2021,3,2,74
2/14/2021,3,2,67
2/15/2021,3,2,62
2/16/2021,3,2,45
2/17/2021,3,2,41
2/18/2021,3,2,50
2/19/2021,3,2,68
2/20/2021,3,2,53
2/21/2021,3,2,65
2/22/2021,3,2,50
2/23/2021,3,2,56
2/24/2021,3,2,48
2/25/2021,3,2,61
2/26/2021,3,2,37
2/27/2021,3,2,70
2/28/2021,3,2,65
2/29/2021,3,2,54
3/1/2021,3,2,53
3/2/2021,3,2,43
3/3/2021,3,2,73
3/4/2021,3,2,55
3/5/2021,3,2,68
3/6/2021,3,2,84
3/7/2021,3,2,52
3/8/2021,3,2,54
3/9/2021,3,2,66
3/10/2021,3,2,68
3/11/2021,3,2,63
3/12/2021,3,2,77
3/13/2021,3,2,72
3/14/2021,3,2,53
3/15/2021,3,2,79
3/16/2021,3,2,67
3/17/2021,3,2,65
3/18/2021,3,2,98
3/19/2021,3,2,85
3/20/2021,3,2,105
3/21/2021,3,2,40
3/22/2021,3,2,61
3/23/2021,3,2,75
3/24/2021,3,2,62
3/25/2021,3,2,62
3/26/2021,3,2,70
3/27/2021,3,2,71
3/28/2021,3,2,60
3/29/2021,3,2,67
3/30/2021,3,2,48
3/31/2021,3,2,66
4/1/2021,3,2,53
4/2/2021,3,2,72
4/3/2021,3,2,81
4/4/2021,3,2,55
4/5/2021,3,2,70
4/6/2021,3,2,73
4/7/2021,3,2,79
4/8/2021,3,2,77
4/9/2021,3,2,94
4/10/2021,3,2,104
4/11/2021,3,2,70
4/12/2021,3,2,81
4/13/2021,3,2,66
4/14/2021,3,2,87
4/15/2021,3,2,87
4/16/2021,3,2,70
4/17/2021,3,2,83
4/18/2021,3,2,63
4/19/2021,3,2,87
4/20/2021,3,2,80
4/21/2021,3,2,77
4/22/2021,3,2,89
4/23/2021,3,2,88
4/24/2021,3,2,82
4/25/2021,3,2,55
4/26/2021,3,2,73
4/27/2021,3,2,78
4/28/2021,3,2,78
4/29/2021,3,2,102
4/30/2021,3,2,80
5/1/2021,3,2,96
5/2/2021,3,2,75
5/3/2021,3,2,81
5/4/2021,3,2,74
5/5/2021,3,2,88
5/6/2021,3,2,96
5/7/2021,3,2,82
5/8/2021,3,2,107
5/9/2021,3,2,57
5/10/2021,3,2,75
5/11/2021,3,2,81
5/12/2021,3,2,74
5/13/2021,3,2,83
5/14/2021,3,2,94
5/15/2021,3,2,112
5/16/2021,3,2,71
5/17/2021,3,2,98
5/18/2021,3,2,72
5/19/2021,3,2,95
5/20/2021,3,2,99
5/21/2021,3,2,102
5/22/2021,3,2,95
5/23/2021,3,2,71
5/24/2021,3,2,78
5/25/2021,3,2,91
5/26/2021,3,2,84
5/27/2021,3,2,91
5/28/2021,3,2,92
5/29/2021,3,2,97
5/30/2021,3,2,49
5/31/2021,3,2,69
6/1/2021,3,2,98
6/2/2021,3,2,76
6/3/2021,3,2,94
6/4/2021,3,2,96
6/5/2021,3,2,96
6/6/2021,3,2,61
6/7/2021,3,2,88
6/8/2021,3,2,85
6/9/2021,3,2,77
6/10/2021,3,2,93
6/11/2021,3,2,116
6/12/2021,3,2,107
6/13/2021,3,2,45
6/14/2021,3,2,82
6/15/2021,3,2,76
6/16/2021,3,2,83
6/17/2021,3,2,102
6/18/2021,3,2,91
6/19/2021,3,2,96
6/20/2021,3,2,72
6/21/2021,3,2,77
6/22/2021,3,2,74
6/23/2021,3,2,81
6/24/2021,3,2,95
6/25/2021,3,2,95
6/26/2021,3,2,112
6/27/2021,3,2,69
6/28/2021,3,2,89
6/29/2021,3,2,85
6/30/2021,3,2,69
7/1/2021,3,2,102
7/2/2021,3,2,115
7/3/2021,3,2,105
7/4/2021,3,2,99
7/5/2021,3,2,92
7/6/2021,3,2,78
7/7/2021,3,2,81
7/8/2021,3,2,95
7/9/2021,3,2,92
7/10/2021,3,2,104
7/11/2021,3,2,59
7/12/2021,3,2,111
7/13/2021,3,2,84
7/14/2021,3,2,101
7/15/2021,3,2,84
7/16/2021,3,2,91
7/17/2021,3,2,118
7/18/2021,3,2,80
7/19/2021,3,2,102
7/20/2021,3,2,98
7/21/2021,3,2,95
7/22/2021,3,2,95
7/23/2021,3,2,101
7/24/2021,3,2,116
7/25/2021,3,2,69
7/26/2021,3,2,76
7/27/2021,3,2,91
7/28/2021,3,2,87
7/29/2021,3,2,97
7/30/2021,3,2,118
7/31/2021,3,2,113
8/1/2021,3,2,68
8/2/2021,3,2,88
8/3/2021,3,2,85
8/4/2021,3,2,82
8/5/2021,3,2,83
8/6/2021,3,2,105
8/7/2021,3,2,99
8/8/2021,3,2,75
8/9/2021,3,2,87
8/10/2021,3,2,75
8/11/2021,3,2,75
8/12/2021,3,2,84
8/13/2021,3,2,100
8/14/2021,3,2,102
8/15/2021,3,2,52
8/16/2021,3,2,67
8/17/2021,3,2,88
8/18/2021,3,2,76
8/19/2021,3,2,91
8/20/2021,3,2,89
8/21/2021,3,2,88
8/22/2021,3,2,59
8/23/2021,3,2,80
8/24/2021,3,2,66
8/25/2021,3,2,67
8/26/2021,3,2,87
8/27/2021,3,2,101
8/28/2021,3,2,95
8/29/2021,3,2,52
8/30/2021,3,2,86
8/31/2021,3,2,66
9/1/2021,3,2,83
9/2/2021,3,2,76
9/3/2021,3,2,92
9/4/2021,3,2,79
9/5/2021,3,2,53
9/6/2021,3,2,55
9/7/2021,3,2,61
9/8/2021,3,2,77
9/9/2021,3,2,73
9/10/2021,3,2,92
9/11/2021,3,2,78
9/12/2021,3,2,55
9/13/2021,3,2,75
9/14/2021,3,2,74
9/15/2021,3,2,85
9/16/2021,3,2,78
9/17/2021,3,2,88
9/18/2021,3,2,97
9/19/2021,3,2,54
9/20/2021,3,2,87
9/21/2021,3,2,70
9/22/2021,3,2,87
9/23/2021,3,2,82
9/24/2021,3,2,72
9/25/2021,3,2,85
9/26/2021,3,2,66
9/27/2021,3,2,66
9/28/2021,3,2,79
9/29/2021,3,2,92
9/30/2021,3,2,77
10/1/2021,3,2,90
10/2/2021,3,2,65
10/3/2021,3,2,47
10/4/2021,3,2,71
10/5/2021,3,2,61
10/6/2021,3,2,73
10/7/2021,3,2,50
10/8/2021,3,2,86
10/9/2021,3,2,77
10/10/2021,3,2,53
10/11/2021,3,2,59
10/12/2021,3,2,57
10/13/2021,3,2,72
10/14/2021,3,2,74
10/15/2021,3,2,91
10/16/2021,3,2,83
10/17/2021,3,2,49
10/18/2021,3,2,65
10/19/2021,3,2,63
10/20/2021,3,2,74
10/21/2021,3,2,79
10/22/2021,3,2,84
10/23/2021,3,2,91
10/24/2021,3,2,58
10/25/2021,3,2,72
10/26/2021,3,2,71
10/27/2021,3,2,86
10/28/2021,3,2,72
10/29/2021,3,2,81
10/30/2021,3,2,81
10/31/2021,3,2,63
11/1/2021,3,2,58
11/2/2021,3,2,64
11/3/2021,3,2,65
11/4/2021,3,2,81
11/5/2021,3,2,97
11/6/2021,3,2,75
11/7/2021,3,2,53
11/8/2021,3,2,58
11/9/2021,3,2,76
11/10/2021,3,2,86
11/11/2021,3,2,74
11/12/2021,3,2,86
11/13/2021,3,2,94
11/14/2021,3,2,62
11/15/2021,3,2,70
11/16/2021,3,2,51
11/17/2021,3,2,60
11/18/2021,3,2,76
11/19/2021,3,2,82
11/20/2021,3,2,85
11/21/2021,3,2,58
11/22/2021,3,2,83
11/23/2021,3,2,68
11/24/2021,3,2,70
11/25/2021,3,2,94
11/26/2021,3,2,68
11/27/2021,3,2,87
11/28/2021,3,2,65
11/29/2021,3,2,72
11/30/2021,3,2,67
12/1/2021,3,2,56
12/2/2021,3,2,48
12/3/2021,3,2,66
12/4/2021,3,2,60
12/5/2021,3,2,48
12/6/2021,3,2,48
12/7/2021,3,2,49
12/8/2021,3,2,53
12/9/2021,3,2,60
12/10/2021,3,2,56
12/11/2021,3,2,61
12/12/2021,3,2,45
12/13/2021,3,2,50
12/14/2021,3,2,42
12/15/2021,3,2,48
12/16/2021,3,2,57
12/17/2021,3,2,71
12/18/2021,3,2,68
12/19/2021,3,2,45
12/20/2021,3,2,57
12/21/2021,3,2,53
12/22/2021,3,2,50
12/23/2021,3,2,65
12/24/2021,3,2,67
12/25/2021,3,2,79
12/26/2021,3,2,43
12/27/2021,3,2,54
12/28/2021,3,2,46
12/29/2021,3,2,57
12/30/2021,3,2,64
12/31/2021,3,2,64
1/1/2022,3,2,40
1/2/2022,3,2,45
1/3/2022,3,2,46
1/4/2022,3,2,45
1/5/2022,3,2,55
1/6/2022,3,2,54
1/7/2022,3,2,52
1/8/2022,3,2,58
1/9/2022,3,2,44
1/10/2022,3,2,56
1/11/2022,3,2,52
1/12/2022,3,2,46
1/13/2022,3,2,71
1/14/2022,3,2,53
1/15/2022,3,2,47
1/16/2022,3,2,38
1/17/2022,3,2,42
1/18/2022,3,2,52
1/19/2022,3,2,51
1/20/2022,3,2,56
1/21/2022,3,2,57
1/22/2022,3,2,52
1/23/2022,3,2,30
1/24/2022,3,2,30
1/25/2022,3,2,44
1/26/2022,3,2,45
1/27/2022,3,2,56
1/28/2022,3,2,60
1/29/2022,3,2,54
1/30/2022,3,2,35
1/31/2022,3,2,49
2/1/2022,3,2,50
2/2/2022,3,2,73
2/3/2022,3,2,52
2/4/2022,3,2,53
2/5/2022,3,2,79
2/6/2022,3,2,43
2/7/2022,3,2,57
2/8/2022,3,2,54
2/9/2022,3,2,49
2/10/2022,3,2,68
2/11/2022,3,2,67
2/12/2022,3,2,81
2/13/2022,3,2,42
2/14/2022,3,2,64
2/15/2022,3,2,52
2/16/2022,3,2,54
2/17/2022,3,2,61
2/18/2022,3,2,83
2/19/2022,3,2,70
2/20/2022,3,2,45
2/21/2022,3,2,60
2/22/2022,3,2,53
2/23/2022,3,2,46
2/24/2022,3,2,55
2/25/2022,3,2,65
2/26/2022,3,2,80
2/27/2022,3,2,45
2/28/2022,3,2,43
3/1/2022,3,2,63
3/2/2022,3,2,72
3/3/2022,3,2,82
3/4/2022,3,2,74
3/5/2022,3,2,77
3/6/2022,3,2,56
3/7/2022,3,2,63
3/8/2022,3,2,57
3/9/2022,3,2,81
3/10/2022,3,2,80
3/11/2022,3,2,71
3/12/2022,3,2,75
3/13/2022,3,2,45
3/14/2022,3,2,58
3/15/2022,3,2,60
3/16/2022,3,2,71
3/17/2022,3,2,72
3/18/2022,3,2,66
3/19/2022,3,2,81
3/20/2022,3,2,46
3/21/2022,3,2,67
3/22/2022,3,2,50
3/23/2022,3,2,52
3/24/2022,3,2,67
3/25/2022,3,2,72
3/26/2022,3,2,107
3/27/2022,3,2,55
3/28/2022,3,2,69
3/29/2022,3,2,65
3/30/2022,3,2,62
3/31/2022,3,2,58
4/1/2022,3,2,86
4/2/2022,3,2,95
4/3/2022,3,2,52
4/4/2022,3,2,94
4/5/2022,3,2,78
4/6/2022,3,2,71
4/7/2022,3,2,79
4/8/2022,3,2,77
4/9/2022,3,2,92
4/10/2022,3,2,48
4/11/2022,3,2,87
4/12/2022,3,2,73
4/13/2022,3,2,87
4/14/2022,3,2,85
4/15/2022,3,2,99
4/16/2022,3,2,98
4/17/2022,3,2,77
4/18/2022,3,2,75
4/19/2022,3,2,69
4/20/2022,3,2,78
4/21/2022,3,2,93
4/22/2022,3,2,76
4/23/2022,3,2,96
4/24/2022,3,2,62
4/25/2022,3,2,69
4/26/2022,3,2,78
4/27/2022,3,2,86
4/28/2022,3,2,93
4/29/2022,3,2,80
4/30/2022,3,2,89
5/1/2022,3,2,57
5/2/2022,3,2,76
5/3/2022,3,2,65
5/4/2022,3,2,95
5/5/2022,3,2,96
5/6/2022,3,2,103
5/7/2022,3,2,115
5/8/2022,3,2,57
5/9/2022,3,2,77
5/10/2022,3,2,102
5/11/2022,3,2,82
5/12/2022,3,2,95
5/13/2022,3,2,85
5/14/2022,3,2,96
5/15/2022,3,2,65
5/16/2022,3,2,65
5/17/2022,3,2,64
5/18/2022,3,2,102
5/19/2022,3,2,82
5/20/2022,3,2,105
5/21/2022,3,2,108
5/22/2022,3,2,67
5/23/2022,3,2,87
5/24/2022,3,2,76
5/25/2022,3,2,69
5/26/2022,3,2,86
5/27/2022,3,2,97
5/28/2022,3,2,96
5/29/2022,3,2,59
5/30/2022,3,2,73
5/31/2022,3,2,66
6/1/2022,3,2,91
6/2/2022,3,2,100
6/3/2022,3,2,105
6/4/2022,3,2,119
6/5/2022,3,2,70
6/6/2022,3,2,74
6/7/2022,3,2,108
6/8/2022,3,2,94
6/9/2022,3,2,90
6/10/2022,3,2,123
6/11/2022,3,2,117
6/12/2022,3,2,75
6/13/2022,3,2,88
6/14/2022,3,2,83
6/15/2022,3,2,82
6/16/2022,3,2,83
6/17/2022,3,2,120
6/18/2022,3,2,109
6/19/2022,3,2,84
6/20/2022,3,2,85
6/21/2022,3,2,91
6/22/2022,3,2,107
6/23/2022,3,2,84
6/24/2022,3,2,88
6/25/2022,3,2,131
6/26/2022,3,2,79
6/27/2022,3,2,80
6/28/2022,3,2,90
6/29/2022,3,2,102
6/30/2022,3,2,99
7/1/2022,3,2,96
7/2/2022,3,2,123
7/3/2022,3,2,81
7/4/2022,3,2,84
7/5/2022,3,2,95
7/6/2022,3,2,94
7/7/2022,3,2,105
7/8/2022,3,2,87
7/9/2022,3,2,107
7/10/2022,3,2,69
7/11/2022,3,2,85
7/12/2022,3,2,87
7/13/2022,3,2,108
7/14/2022,3,2,106
7/15/2022,3,2,111
7/16/2022,3,2,106
7/17/2022,3,2,78
7/18/2022,3,2,101
7/19/2022,3,2,92
7/20/2022,3,2,103
7/21/2022,3,2,97
7/22/2022,3,2,89
7/23/2022,3,2,107
7/24/2022,3,2,60
7/25/2022,3,2,95
7/26/2022,3,2,109
7/27/2022,3,2,80
7/28/2022,3,2,102
7/29/2022,3,2,115
7/30/2022,3,2,115
7/31/2022,3,2,75
8/1/2022,3,2,69
8/2/2022,3,2,79
8/3/2022,3,2,74
8/4/2022,3,2,80
8/5/2022,3,2,86
8/6/2022,3,2,96
8/7/2022,3,2,51
8/8/2022,3,2,85
8/9/2022,3,2,76
8/10/2022,3,2,67
8/11/2022,3,2,81
8/12/2022,3,2,101
8/13/2022,3,2,77
8/14/2022,3,2,62
8/15/2022,3,2,82
8/16/2022,3,2,76
8/17/2022,3,2,80
8/18/2022,3,2,96
8/19/2022,3,2,109
8/20/2022,3,2,80
8/21/2022,3,2,78
8/22/2022,3,2,86
8/23/2022,3,2,77
8/24/2022,3,2,80
8/25/2022,3,2,108
8/26/2022,3,2,127
8/27/2022,3,2,90
8/28/2022,3,2,63
8/29/2022,3,2,83
8/30/2022,3,2,72
8/31/2022,3,2,84
9/1/2022,3,2,73
9/2/2022,3,2,87
9/3/2022,3,2,107
9/4/2022,3,2,65
9/5/2022,3,2,90
9/6/2022,3,2,69
9/7/2022,3,2,82
9/8/2022,3,2,74
9/9/2022,3,2,101
9/10/2022,3,2,103
9/11/2022,3,2,53
9/12/2022,3,2,62
9/13/2022,3,2,63
9/14/2022,3,2,89
9/15/2022,3,2,87
9/16/2022,3,2,93
9/17/2022,3,2,80
9/18/2022,3,2,63
9/19/2022,3,2,72
9/20/2022,3,2,63
9/21/2022,3,2,100
9/22/2022,3,2,80
9/23/2022,3,2,100
9/24/2022,3,2,93
9/25/2022,3,2,66
9/26/2022,3,2,72
9/27/2022,3,2,86
9/28/2022,3,2,67
9/29/2022,3,2,90
9/30/2022,3,2,78
10/1/2022,3,2,83
10/2/2022,3,2,58
10/3/2022,3,2,54
10/4/2022,3,2,76
10/5/2022,3,2,72
10/6/2022,3,2,75
10/7/2022,3,2,83
10/8/2022,3,2,98
10/9/2022,3,2,61
10/10/2022,3,2,79
10/11/2022,3,2,65
10/12/2022,3,2,65
10/13/2022,3,2,86
10/14/2022,3,2,80
10/15/2022,3,2,83
10/16/2022,3,2,57
10/17/2022,3,2,66
10/18/2022,3,2,59
10/19/2022,3,2,77
10/20/2022,3,2,83
10/21/2022,3,2,79
10/22/2022,3,2,73
10/23/2022,3,2,47
10/24/2022,3,2,65
10/25/2022,3,2,67
10/26/2022,3,2,68
10/27/2022,3,2,72
10/28/2022,3,2,75
10/29/2022,3,2,83
10/30/2022,3,2,70
10/31/2022,3,2,68
11/1/2022,3,2,53
11/2/2022,3,2,68
11/3/2022,3,2,75
11/4/2022,3,2,89
11/5/2022,3,2,99
11/6/2022,3,2,56
11/7/2022,3,2,71
11/8/2022,3,2,66
11/9/2022,3,2,80
11/10/2022,3,2,90
11/11/2022,3,2,75
11/12/2022,3,2,106
11/13/2022,3,2,67
11/14/2022,3,2,78
11/15/2022,3,2,79
11/16/2022,3,2,66
11/17/2022,3,2,84
11/18/2022,3,2,93
11/19/2022,3,2,81
11/20/2022,3,2,52
11/21/2022,3,2,79
11/22/2022,3,2,60
11/23/2022,3,2,96
11/24/2022,3,2,84
11/25/2022,3,2,77
11/26/2022,3,2,97
11/27/2022,3,2,73
11/28/2022,3,2,70
11/29/2022,3,2,68
11/30/2022,3,2,75
12/1/2022,3,2,67
12/2/2022,3,2,54
12/3/2022,3,2,70
12/4/2022,3,2,38
12/5/2022,3,2,66
12/6/2022,3,2,48
12/7/2022,3,2,55
12/8/2022,3,2,58
12/9/2022,3,2,58
12/10/2022,3,2,68
12/11/2022,3,2,43
12/12/2022,3,2,46
12/13/2022,3,2,56
12/14/2022,3,2,57
12/15/2022,3,2,57
12/16/2022,3,2,69
12/17/2022,3,2,66
12/18/2022,3,2,45
12/19/2022,3,2,52
12/20/2022,3,2,50
12/21/2022,3,2,58
12/22/2022,3,2,63
12/23/2022,3,2,65
12/24/2022,3,2,60
12/25/2022,3,2,53
12/26/2022,3,2,56
12/27/2022,3,2,61
12/28/2022,3,2,59
12/29/2022,3,2,55
12/30/2022,3,2,68
12/31/2022,3,2,68
