date,warehouse,item,sales
1/1/2018,1,3,15
1/2/2018,1,3,30
1/3/2018,1,3,14
1/4/2018,1,3,10
1/5/2018,1,3,23
1/6/2018,1,3,23
1/7/2018,1,3,10
1/8/2018,1,3,13
1/9/2018,1,3,16
1/10/2018,1,3,15
1/11/2018,1,3,24
1/12/2018,1,3,19
1/13/2018,1,3,19
1/14/2018,1,3,15
1/15/2018,1,3,12
1/16/2018,1,3,26
1/17/2018,1,3,14
1/18/2018,1,3,21
1/19/2018,1,3,13
1/20/2018,1,3,21
1/21/2018,1,3,18
1/22/2018,1,3,20
1/23/2018,1,3,14
1/24/2018,1,3,20
1/25/2018,1,3,21
1/26/2018,1,3,17
1/27/2018,1,3,17
1/28/2018,1,3,14
1/29/2018,1,3,15
1/30/2018,1,3,14
1/31/2018,1,3,24
2/1/2018,1,3,22
2/2/2018,1,3,32
2/3/2018,1,3,29
2/4/2018,1,3,21
2/5/2018,1,3,21
2/6/2018,1,3,19
2/7/2018,1,3,15
2/8/2018,1,3,26
2/9/2018,1,3,24
2/10/2018,1,3,24
2/11/2018,1,3,18
2/12/2018,1,3,17
2/13/2018,1,3,21
2/14/2018,1,3,12
2/15/2018,1,3,23
2/16/2018,1,3,23
2/17/2018,1,3,22
2/18/2018,1,3,16
2/19/2018,1,3,19
2/20/2018,1,3,25
2/21/2018,1,3,21
2/22/2018,1,3,24
2/23/2018,1,3,29
2/24/2018,1,3,15
2/25/2018,1,3,19
2/26/2018,1,3,17
2/27/2018,1,3,19
2/28/2018,1,3,24
3/1/2018,1,3,31
3/2/2018,1,3,32
3/3/2018,1,3,27
3/4/2018,1,3,19
3/5/2018,1,3,18
3/6/2018,1,3,19
3/7/2018,1,3,22
3/8/2018,1,3,22
3/9/2018,1,3,35
3/10/2018,1,3,33
3/11/2018,1,3,21
3/12/2018,1,3,27
3/13/2018,1,3,21
3/14/2018,1,3,22
3/15/2018,1,3,23
3/16/2018,1,3,30
3/17/2018,1,3,24
3/18/2018,1,3,19
3/19/2018,1,3,21
3/20/2018,1,3,25
3/21/2018,1,3,24
3/22/2018,1,3,31
3/23/2018,1,3,41
3/24/2018,1,3,27
3/25/2018,1,3,14
3/26/2018,1,3,30
3/27/2018,1,3,23
3/28/2018,1,3,23
3/29/2018,1,3,21
3/30/2018,1,3,30
3/31/2018,1,3,34
4/1/2018,1,3,23
4/2/2018,1,3,25
4/3/2018,1,3,18
4/4/2018,1,3,31
4/5/2018,1,3,43
4/6/2018,1,3,34
4/7/2018,1,3,37
4/8/2018,1,3,19
4/9/2018,1,3,17
4/10/2018,1,3,24
4/11/2018,1,3,34
4/12/2018,1,3,37
4/13/2018,1,3,31
4/14/2018,1,3,39
4/15/2018,1,3,24
4/16/2018,1,3,13
4/17/2018,1,3,25
4/18/2018,1,3,21
4/19/2018,1,3,40
4/20/2018,1,3,29
4/21/2018,1,3,35
4/22/2018,1,3,33
4/23/2018,1,3,32
4/24/2018,1,3,33
4/25/2018,1,3,31
4/26/2018,1,3,21
4/27/2018,1,3,32
4/28/2018,1,3,28
4/29/2018,1,3,16
4/30/2018,1,3,28
5/1/2018,1,3,38
5/2/2018,1,3,26
5/3/2018,1,3,41
5/4/2018,1,3,40
5/5/2018,1,3,33
5/6/2018,1,3,23
5/7/2018,1,3,29
5/8/2018,1,3,17
5/9/2018,1,3,23
5/10/2018,1,3,42
5/11/2018,1,3,34
5/12/2018,1,3,38
5/13/2018,1,3,17
5/14/2018,1,3,26
5/15/2018,1,3,34
5/16/2018,1,3,34
5/17/2018,1,3,34
5/18/2018,1,3,36
5/19/2018,1,3,41
5/20/2018,1,3,16
5/21/2018,1,3,35
5/22/2018,1,3,24
5/23/2018,1,3,39
5/24/2018,1,3,43
5/25/2018,1,3,34
5/26/2018,1,3,34
5/27/2018,1,3,26
5/28/2018,1,3,29
5/29/2018,1,3,33
5/30/2018,1,3,38
5/31/2018,1,3,36
6/1/2018,1,3,34
6/2/2018,1,3,34
6/3/2018,1,3,26
6/4/2018,1,3,32
6/5/2018,1,3,29
6/6/2018,1,3,29
6/7/2018,1,3,38
6/8/2018,1,3,36
6/9/2018,1,3,42
6/10/2018,1,3,27
6/11/2018,1,3,38
6/12/2018,1,3,30
6/13/2018,1,3,26
6/14/2018,1,3,25
6/15/2018,1,3,42
6/16/2018,1,3,46
6/17/2018,1,3,33
6/18/2018,1,3,27
6/19/2018,1,3,30
6/20/2018,1,3,35
6/21/2018,1,3,39
6/22/2018,1,3,23
6/23/2018,1,3,33
6/24/2018,1,3,27
6/25/2018,1,3,37
6/26/2018,1,3,29
6/27/2018,1,3,36
6/28/2018,1,3,33
6/29/2018,1,3,39
6/30/2018,1,3,41
7/1/2018,1,3,32
7/2/2018,1,3,33
7/3/2018,1,3,43
7/4/2018,1,3,37
7/5/2018,1,3,29
7/6/2018,1,3,27
7/7/2018,1,3,39
7/8/2018,1,3,27
7/9/2018,1,3,24
7/10/2018,1,3,36
7/11/2018,1,3,38
7/12/2018,1,3,47
7/13/2018,1,3,33
7/14/2018,1,3,45
7/15/2018,1,3,28
7/16/2018,1,3,41
7/17/2018,1,3,29
7/18/2018,1,3,37
7/19/2018,1,3,29
7/20/2018,1,3,43
7/21/2018,1,3,45
7/22/2018,1,3,22
7/23/2018,1,3,45
7/24/2018,1,3,43
7/25/2018,1,3,34
7/26/2018,1,3,42
7/27/2018,1,3,31
7/28/2018,1,3,50
7/29/2018,1,3,21
7/30/2018,1,3,38
7/31/2018,1,3,37
8/1/2018,1,3,28
8/2/2018,1,3,35
8/3/2018,1,3,36
8/4/2018,1,3,24
8/5/2018,1,3,18
8/6/2018,1,3,42
8/7/2018,1,3,27
8/8/2018,1,3,35
8/9/2018,1,3,39
8/10/2018,1,3,43
8/11/2018,1,3,30
8/12/2018,1,3,21
8/13/2018,1,3,34
8/14/2018,1,3,28
8/15/2018,1,3,36
8/16/2018,1,3,37
8/17/2018,1,3,29
8/18/2018,1,3,34
8/19/2018,1,3,36
8/20/2018,1,3,31
8/21/2018,1,3,22
8/22/2018,1,3,30
8/23/2018,1,3,38
8/24/2018,1,3,46
8/25/2018,1,3,34
8/26/2018,1,3,22
8/27/2018,1,3,29
8/28/2018,1,3,28
8/29/2018,1,3,26
8/30/2018,1,3,44
8/31/2018,1,3,34
9/1/2018,1,3,42
9/2/2018,1,3,28
9/3/2018,1,3,29
9/4/2018,1,3,21
9/5/2018,1,3,30
9/6/2018,1,3,31
9/7/2018,1,3,37
9/8/2018,1,3,40
9/9/2018,1,3,18
9/10/2018,1,3,34
9/11/2018,1,3,27
9/12/2018,1,3,32
9/13/2018,1,3,29
9/14/2018,1,3,34
9/15/2018,1,3,28
9/16/2018,1,3,20
9/17/2018,1,3,25
9/18/2018,1,3,31
9/19/2018,1,3,33
9/20/2018,1,3,27
9/21/2018,1,3,33
9/22/2018,1,3,37
9/23/2018,1,3,13
9/24/2018,1,3,34
9/25/2018,1,3,25
9/26/2018,1,3,30
9/27/2018,1,3,34
9/28/2018,1,3,36
9/29/2018,1,3,32
9/30/2018,1,3,21
10/1/2018,1,3,21
10/2/2018,1,3,32
10/3/2018,1,3,32
10/4/2018,1,3,30
10/5/2018,1,3,26
10/6/2018,1,3,30
10/7/2018,1,3,16
10/8/2018,1,3,21
10/9/2018,1,3,21
10/10/2018,1,3,32
10/11/2018,1,3,19
10/12/2018,1,3,23
10/13/2018,1,3,23
10/14/2018,1,3,19
10/15/2018,1,3,29
10/16/2018,1,3,23
10/17/2018,1,3,27
10/18/2018,1,3,21
10/19/2018,1,3,23
10/20/2018,1,3,37
10/21/2018,1,3,19
10/22/2018,1,3,22
10/23/2018,1,3,22
10/24/2018,1,3,28
10/25/2018,1,3,28
10/26/2018,1,3,31
10/27/2018,1,3,31
10/28/2018,1,3,16
10/29/2018,1,3,23
10/30/2018,1,3,23
10/31/2018,1,3,28
11/1/2018,1,3,38
11/2/2018,1,3,24
11/3/2018,1,3,33
11/4/2018,1,3,33
11/5/2018,1,3,27
11/6/2018,1,3,19
11/7/2018,1,3,30
11/8/2018,1,3,37
11/9/2018,1,3,31
11/10/2018,1,3,30
11/11/2018,1,3,22
11/12/2018,1,3,26
11/13/2018,1,3,14
11/14/2018,1,3,26
11/15/2018,1,3,35
11/16/2018,1,3,33
11/17/2018,1,3,37
11/18/2018,1,3,32
11/19/2018,1,3,34
11/20/2018,1,3,22
11/21/2018,1,3,34
11/22/2018,1,3,30
11/23/2018,1,3,32
11/24/2018,1,3,29
11/25/2018,1,3,25
11/26/2018,1,3,36
11/27/2018,1,3,31
11/28/2018,1,3,28
11/29/2018,1,3,36
11/30/2018,1,3,36
12/1/2018,1,3,20
12/2/2018,1,3,20
12/3/2018,1,3,21
12/4/2018,1,3,16
12/5/2018,1,3,22
12/6/2018,1,3,19
12/7/2018,1,3,21
12/8/2018,1,3,26
12/9/2018,1,3,19
12/10/2018,1,3,19
12/11/2018,1,3,19
12/12/2018,1,3,28
12/13/2018,1,3,21
12/14/2018,1,3,35
12/15/2018,1,3,26
12/16/2018,1,3,20
12/17/2018,1,3,19
12/18/2018,1,3,18
12/19/2018,1,3,19
12/20/2018,1,3,23
12/21/2018,1,3,23
12/22/2018,1,3,33
12/23/2018,1,3,18
12/24/2018,1,3,19
12/25/2018,1,3,27
12/26/2018,1,3,15
12/27/2018,1,3,19
12/28/2018,1,3,17
12/29/2018,1,3,23
12/30/2018,1,3,14
12/31/2018,1,3,18
1/1/2019,1,3,21
1/2/2019,1,3,24
1/3/2019,1,3,20
1/4/2019,1,3,19
1/5/2019,1,3,24
1/6/2019,1,3,15
1/7/2019,1,3,20
1/8/2019,1,3,22
1/9/2019,1,3,25
1/10/2019,1,3,27
1/11/2019,1,3,24
1/12/2019,1,3,24
1/13/2019,1,3,24
1/14/2019,1,3,19
1/15/2019,1,3,14
1/16/2019,1,3,22
1/17/2019,1,3,20
1/18/2019,1,3,29
1/19/2019,1,3,21
1/20/2019,1,3,21
1/21/2019,1,3,19
1/22/2019,1,3,20
1/23/2019,1,3,22
1/24/2019,1,3,22
1/25/2019,1,3,17
1/26/2019,1,3,24
1/27/2019,1,3,14
1/28/2019,1,3,31
1/29/2019,1,3,17
1/30/2019,1,3,16
1/31/2019,1,3,17
2/1/2019,1,3,27
2/2/2019,1,3,28
2/3/2019,1,3,13
2/4/2019,1,3,22
2/5/2019,1,3,25
2/6/2019,1,3,23
2/7/2019,1,3,38
2/8/2019,1,3,33
2/9/2019,1,3,34
2/10/2019,1,3,27
2/11/2019,1,3,19
2/12/2019,1,3,21
2/13/2019,1,3,26
2/14/2019,1,3,25
2/15/2019,1,3,26
2/16/2019,1,3,28
2/17/2019,1,3,17
2/18/2019,1,3,25
2/19/2019,1,3,18
2/20/2019,1,3,27
2/21/2019,1,3,21
2/22/2019,1,3,26
2/23/2019,1,3,24
2/24/2019,1,3,22
2/25/2019,1,3,20
2/26/2019,1,3,25
2/27/2019,1,3,15
2/28/2019,1,3,19
3/1/2019,1,3,29
3/2/2019,1,3,36
3/3/2019,1,3,28
3/4/2019,1,3,20
3/5/2019,1,3,18
3/6/2019,1,3,23
3/7/2019,1,3,31
3/8/2019,1,3,32
3/9/2019,1,3,33
3/10/2019,1,3,17
3/11/2019,1,3,26
3/12/2019,1,3,25
3/13/2019,1,3,32
3/14/2019,1,3,30
3/15/2019,1,3,33
3/16/2019,1,3,32
3/17/2019,1,3,27
3/18/2019,1,3,19
3/19/2019,1,3,30
3/20/2019,1,3,26
3/21/2019,1,3,30
3/22/2019,1,3,33
3/23/2019,1,3,25
3/24/2019,1,3,23
3/25/2019,1,3,24
3/26/2019,1,3,23
3/27/2019,1,3,36
3/28/2019,1,3,35
3/29/2019,1,3,37
3/30/2019,1,3,47
3/31/2019,1,3,25
4/1/2019,1,3,27
4/2/2019,1,3,40
4/3/2019,1,3,34
4/4/2019,1,3,40
4/5/2019,1,3,35
4/6/2019,1,3,30
4/7/2019,1,3,33
4/8/2019,1,3,32
4/9/2019,1,3,31
4/10/2019,1,3,26
4/11/2019,1,3,31
4/12/2019,1,3,28
4/13/2019,1,3,36
4/14/2019,1,3,26
4/15/2019,1,3,26
4/16/2019,1,3,25
4/17/2019,1,3,39
4/18/2019,1,3,37
4/19/2019,1,3,35
4/20/2019,1,3,46
4/21/2019,1,3,37
4/22/2019,1,3,30
4/23/2019,1,3,30
4/24/2019,1,3,28
4/25/2019,1,3,34
4/26/2019,1,3,35
4/27/2019,1,3,29
4/28/2019,1,3,25
4/29/2019,1,3,30
4/30/2019,1,3,38
5/1/2019,1,3,33
5/2/2019,1,3,41
5/3/2019,1,3,46
5/4/2019,1,3,40
5/5/2019,1,3,33
5/6/2019,1,3,23
5/7/2019,1,3,43
5/8/2019,1,3,30
5/9/2019,1,3,35
5/10/2019,1,3,38
5/11/2019,1,3,46
5/12/2019,1,3,27
5/13/2019,1,3,37
5/14/2019,1,3,28
5/15/2019,1,3,42
5/16/2019,1,3,43
5/17/2019,1,3,49
5/18/2019,1,3,49
5/19/2019,1,3,30
5/20/2019,1,3,37
5/21/2019,1,3,41
5/22/2019,1,3,37
5/23/2019,1,3,37
5/24/2019,1,3,38
5/25/2019,1,3,57
5/26/2019,1,3,30
5/27/2019,1,3,37
5/28/2019,1,3,36
5/29/2019,1,3,37
5/30/2019,1,3,31
5/31/2019,1,3,37
6/1/2019,1,3,45
6/2/2019,1,3,44
6/3/2019,1,3,34
6/4/2019,1,3,22
6/5/2019,1,3,31
6/6/2019,1,3,40
6/7/2019,1,3,33
6/8/2019,1,3,52
6/9/2019,1,3,33
6/10/2019,1,3,33
6/11/2019,1,3,42
6/12/2019,1,3,44
6/13/2019,1,3,33
6/14/2019,1,3,48
6/15/2019,1,3,49
6/16/2019,1,3,28
6/17/2019,1,3,31
6/18/2019,1,3,33
6/19/2019,1,3,45
6/20/2019,1,3,33
6/21/2019,1,3,36
6/22/2019,1,3,47
6/23/2019,1,3,30
6/24/2019,1,3,38
6/25/2019,1,3,32
6/26/2019,1,3,43
6/27/2019,1,3,30
6/28/2019,1,3,45
6/29/2019,1,3,53
6/30/2019,1,3,22
7/1/2019,1,3,27
7/2/2019,1,3,35
7/3/2019,1,3,34
7/4/2019,1,3,48
7/5/2019,1,3,53
7/6/2019,1,3,39
7/7/2019,1,3,37
7/8/2019,1,3,37
7/9/2019,1,3,27
7/10/2019,1,3,44
7/11/2019,1,3,46
7/12/2019,1,3,35
7/13/2019,1,3,38
7/14/2019,1,3,36
7/15/2019,1,3,39
7/16/2019,1,3,31
7/17/2019,1,3,28
7/18/2019,1,3,52
7/19/2019,1,3,58
7/20/2019,1,3,65
7/21/2019,1,3,24
7/22/2019,1,3,25
7/23/2019,1,3,43
7/24/2019,1,3,38
7/25/2019,1,3,37
7/26/2019,1,3,51
7/27/2019,1,3,43
7/28/2019,1,3,31
7/29/2019,1,3,36
7/30/2019,1,3,37
7/31/2019,1,3,30
8/1/2019,1,3,34
8/2/2019,1,3,43
8/3/2019,1,3,45
8/4/2019,1,3,40
8/5/2019,1,3,36
8/6/2019,1,3,39
8/7/2019,1,3,34
8/8/2019,1,3,41
8/9/2019,1,3,38
8/10/2019,1,3,50
8/11/2019,1,3,27
8/12/2019,1,3,36
8/13/2019,1,3,34
8/14/2019,1,3,39
8/15/2019,1,3,32
8/16/2019,1,3,34
8/17/2019,1,3,57
8/18/2019,1,3,24
8/19/2019,1,3,25
8/20/2019,1,3,30
8/21/2019,1,3,34
8/22/2019,1,3,39
8/23/2019,1,3,42
8/24/2019,1,3,40
8/25/2019,1,3,30
8/26/2019,1,3,22
8/27/2019,1,3,22
8/28/2019,1,3,40
8/29/2019,1,3,33
8/30/2019,1,3,39
8/31/2019,1,3,37
9/1/2019,1,3,25
9/2/2019,1,3,21
9/3/2019,1,3,34
9/4/2019,1,3,21
9/5/2019,1,3,44
9/6/2019,1,3,34
9/7/2019,1,3,34
9/8/2019,1,3,24
9/9/2019,1,3,27
9/10/2019,1,3,29
9/11/2019,1,3,25
9/12/2019,1,3,44
9/13/2019,1,3,39
9/14/2019,1,3,52
9/15/2019,1,3,29
9/16/2019,1,3,32
9/17/2019,1,3,29
9/18/2019,1,3,38
9/19/2019,1,3,34
9/20/2019,1,3,40
9/21/2019,1,3,41
9/22/2019,1,3,32
9/23/2019,1,3,22
9/24/2019,1,3,34
9/25/2019,1,3,25
9/26/2019,1,3,22
9/27/2019,1,3,39
9/28/2019,1,3,43
9/29/2019,1,3,26
9/30/2019,1,3,32
10/1/2019,1,3,26
10/2/2019,1,3,31
10/3/2019,1,3,34
10/4/2019,1,3,37
10/5/2019,1,3,39
10/6/2019,1,3,28
10/7/2019,1,3,33
10/8/2019,1,3,25
10/9/2019,1,3,28
10/10/2019,1,3,33
10/11/2019,1,3,36
10/12/2019,1,3,54
10/13/2019,1,3,33
10/14/2019,1,3,20
10/15/2019,1,3,20
10/16/2019,1,3,34
10/17/2019,1,3,35
10/18/2019,1,3,38
10/19/2019,1,3,25
10/20/2019,1,3,21
10/21/2019,1,3,35
10/22/2019,1,3,31
10/23/2019,1,3,30
10/24/2019,1,3,28
10/25/2019,1,3,33
10/26/2019,1,3,44
10/27/2019,1,3,25
10/28/2019,1,3,27
10/29/2019,1,3,27
10/30/2019,1,3,39
10/31/2019,1,3,32
11/1/2019,1,3,31
11/2/2019,1,3,52
11/3/2019,1,3,26
11/4/2019,1,3,35
11/5/2019,1,3,25
11/6/2019,1,3,27
11/7/2019,1,3,28
11/8/2019,1,3,38
11/9/2019,1,3,33
11/10/2019,1,3,26
11/11/2019,1,3,39
11/12/2019,1,3,36
11/13/2019,1,3,30
11/14/2019,1,3,43
11/15/2019,1,3,40
11/16/2019,1,3,48
11/17/2019,1,3,21
11/18/2019,1,3,22
11/19/2019,1,3,41
11/20/2019,1,3,41
11/21/2019,1,3,44
11/22/2019,1,3,38
11/23/2019,1,3,41
11/24/2019,1,3,30
11/25/2019,1,3,34
11/26/2019,1,3,25
11/27/2019,1,3,24
11/28/2019,1,3,32
11/29/2019,1,3,31
11/30/2019,1,3,39
12/1/2019,1,3,24
12/2/2019,1,3,22
12/3/2019,1,3,25
12/4/2019,1,3,24
12/5/2019,1,3,27
12/6/2019,1,3,28
12/7/2019,1,3,29
12/8/2019,1,3,25
12/9/2019,1,3,21
12/10/2019,1,3,14
12/11/2019,1,3,19
12/12/2019,1,3,27
12/13/2019,1,3,22
12/14/2019,1,3,32
12/15/2019,1,3,15
12/16/2019,1,3,17
12/17/2019,1,3,25
12/18/2019,1,3,18
12/19/2019,1,3,25
12/20/2019,1,3,27
12/21/2019,1,3,29
12/22/2019,1,3,22
12/23/2019,1,3,22
12/24/2019,1,3,24
12/25/2019,1,3,17
12/26/2019,1,3,25
12/27/2019,1,3,25
12/28/2019,1,3,27
12/29/2019,1,3,25
12/30/2019,1,3,22
12/31/2019,1,3,25
1/1/2020,1,3,18
1/2/2020,1,3,25
1/3/2020,1,3,28
1/4/2020,1,3,28
1/5/2020,1,3,20
1/6/2020,1,3,16
1/7/2020,1,3,19
1/8/2020,1,3,20
1/9/2020,1,3,29
1/10/2020,1,3,19
1/11/2020,1,3,33
1/12/2020,1,3,24
1/13/2020,1,3,24
1/14/2020,1,3,26
1/15/2020,1,3,27
1/16/2020,1,3,28
1/17/2020,1,3,24
1/18/2020,1,3,35
1/19/2020,1,3,19
1/20/2020,1,3,17
1/21/2020,1,3,15
1/22/2020,1,3,22
1/23/2020,1,3,26
1/24/2020,1,3,24
1/25/2020,1,3,30
1/26/2020,1,3,20
1/27/2020,1,3,17
1/28/2020,1,3,25
1/29/2020,1,3,21
1/30/2020,1,3,15
1/31/2020,1,3,25
2/1/2020,1,3,32
2/2/2020,1,3,13
2/3/2020,1,3,15
2/4/2020,1,3,24
2/5/2020,1,3,20
2/6/2020,1,3,20
2/7/2020,1,3,38
2/8/2020,1,3,38
2/9/2020,1,3,19
2/10/2020,1,3,25
2/11/2020,1,3,22
2/12/2020,1,3,19
2/13/2020,1,3,15
2/14/2020,1,3,28
2/15/2020,1,3,35
2/16/2020,1,3,22
2/17/2020,1,3,23
2/18/2020,1,3,22
2/19/2020,1,3,29
2/20/2020,1,3,21
2/21/2020,1,3,27
2/22/2020,1,3,26
2/23/2020,1,3,21
2/24/2020,1,3,19
2/25/2020,1,3,23
2/26/2020,1,3,26
2/27/2020,1,3,30
2/28/2020,1,3,18
3/1/2020,1,3,26
3/2/2020,1,3,26
3/3/2020,1,3,19
3/4/2020,1,3,21
3/5/2020,1,3,34
3/6/2020,1,3,26
3/7/2020,1,3,30
3/8/2020,1,3,36
3/9/2020,1,3,29
3/10/2020,1,3,30
3/11/2020,1,3,24
3/12/2020,1,3,25
3/13/2020,1,3,33
3/14/2020,1,3,35
3/15/2020,1,3,46
3/16/2020,1,3,20
3/17/2020,1,3,23
3/18/2020,1,3,29
3/19/2020,1,3,33
3/20/2020,1,3,44
3/21/2020,1,3,35
3/22/2020,1,3,32
3/23/2020,1,3,28
3/24/2020,1,3,22
3/25/2020,1,3,22
3/26/2020,1,3,30
3/27/2020,1,3,30
3/28/2020,1,3,35
3/29/2020,1,3,31
3/30/2020,1,3,19
3/31/2020,1,3,35
4/1/2020,1,3,38
4/2/2020,1,3,34
4/3/2020,1,3,37
4/4/2020,1,3,38
4/5/2020,1,3,35
4/6/2020,1,3,36
4/7/2020,1,3,45
4/8/2020,1,3,27
4/9/2020,1,3,37
4/10/2020,1,3,39
4/11/2020,1,3,39
4/12/2020,1,3,41
4/13/2020,1,3,24
4/14/2020,1,3,21
4/15/2020,1,3,29
4/16/2020,1,3,33
4/17/2020,1,3,37
4/18/2020,1,3,35
4/19/2020,1,3,54
4/20/2020,1,3,26
4/21/2020,1,3,33
4/22/2020,1,3,35
4/23/2020,1,3,29
4/24/2020,1,3,32
4/25/2020,1,3,57
4/26/2020,1,3,41
4/27/2020,1,3,22
4/28/2020,1,3,30
4/29/2020,1,3,32
4/30/2020,1,3,42
5/1/2020,1,3,49
5/2/2020,1,3,50
5/3/2020,1,3,60
5/4/2020,1,3,36
5/5/2020,1,3,29
5/6/2020,1,3,31
5/7/2020,1,3,39
5/8/2020,1,3,30
5/9/2020,1,3,42
5/10/2020,1,3,50
5/11/2020,1,3,31
5/12/2020,1,3,26
5/13/2020,1,3,41
5/14/2020,1,3,44
5/15/2020,1,3,52
5/16/2020,1,3,41
5/17/2020,1,3,37
5/18/2020,1,3,33
5/19/2020,1,3,33
5/20/2020,1,3,31
5/21/2020,1,3,39
5/22/2020,1,3,40
5/23/2020,1,3,47
5/24/2020,1,3,38
5/25/2020,1,3,34
5/26/2020,1,3,47
5/27/2020,1,3,37
5/28/2020,1,3,43
5/29/2020,1,3,40
5/30/2020,1,3,37
5/31/2020,1,3,49
6/1/2020,1,3,29
6/2/2020,1,3,30
6/3/2020,1,3,40
6/4/2020,1,3,43
6/5/2020,1,3,46
6/6/2020,1,3,49
6/7/2020,1,3,48
6/8/2020,1,3,36
6/9/2020,1,3,43
6/10/2020,1,3,51
6/11/2020,1,3,42
6/12/2020,1,3,45
6/13/2020,1,3,43
6/14/2020,1,3,41
6/15/2020,1,3,38
6/16/2020,1,3,39
6/17/2020,1,3,40
6/18/2020,1,3,42
6/19/2020,1,3,58
6/20/2020,1,3,34
6/21/2020,1,3,44
6/22/2020,1,3,27
6/23/2020,1,3,51
6/24/2020,1,3,48
6/25/2020,1,3,43
6/26/2020,1,3,50
6/27/2020,1,3,34
6/28/2020,1,3,35
6/29/2020,1,3,25
6/30/2020,1,3,21
7/1/2020,1,3,36
7/2/2020,1,3,37
7/3/2020,1,3,35
7/4/2020,1,3,49
7/5/2020,1,3,53
7/6/2020,1,3,27
7/7/2020,1,3,38
7/8/2020,1,3,39
7/9/2020,1,3,26
7/10/2020,1,3,52
7/11/2020,1,3,59
7/12/2020,1,3,61
7/13/2020,1,3,30
7/14/2020,1,3,46
7/15/2020,1,3,34
7/16/2020,1,3,44
7/17/2020,1,3,49
7/18/2020,1,3,54
7/19/2020,1,3,45
7/20/2020,1,3,38
7/21/2020,1,3,43
7/22/2020,1,3,38
7/23/2020,1,3,41
7/24/2020,1,3,53
7/25/2020,1,3,53
7/26/2020,1,3,57
7/27/2020,1,3,23
7/28/2020,1,3,49
7/29/2020,1,3,38
7/30/2020,1,3,36
7/31/2020,1,3,42
8/1/2020,1,3,41
8/2/2020,1,3,35
8/3/2020,1,3,30
8/4/2020,1,3,31
8/5/2020,1,3,40
8/6/2020,1,3,40
8/7/2020,1,3,42
8/8/2020,1,3,36
8/9/2020,1,3,37
8/10/2020,1,3,28
8/11/2020,1,3,39
8/12/2020,1,3,40
8/13/2020,1,3,34
8/14/2020,1,3,34
8/15/2020,1,3,45
8/16/2020,1,3,47
8/17/2020,1,3,29
8/18/2020,1,3,24
8/19/2020,1,3,33
8/20/2020,1,3,50
8/21/2020,1,3,36
8/22/2020,1,3,45
8/23/2020,1,3,42
8/24/2020,1,3,26
8/25/2020,1,3,37
8/26/2020,1,3,31
8/27/2020,1,3,47
8/28/2020,1,3,41
8/29/2020,1,3,48
8/30/2020,1,3,50
8/31/2020,1,3,40
9/1/2020,1,3,27
9/2/2020,1,3,27
9/3/2020,1,3,33
9/4/2020,1,3,43
9/5/2020,1,3,37
9/6/2020,1,3,35
9/7/2020,1,3,33
9/8/2020,1,3,36
9/9/2020,1,3,39
9/10/2020,1,3,43
9/11/2020,1,3,37
9/12/2020,1,3,60
9/13/2020,1,3,47
9/14/2020,1,3,26
9/15/2020,1,3,25
9/16/2020,1,3,36
9/17/2020,1,3,44
9/18/2020,1,3,26
9/19/2020,1,3,38
9/20/2020,1,3,42
9/21/2020,1,3,36
9/22/2020,1,3,36
9/23/2020,1,3,29
9/24/2020,1,3,37
9/25/2020,1,3,43
9/26/2020,1,3,43
9/27/2020,1,3,55
9/28/2020,1,3,27
9/29/2020,1,3,39
9/30/2020,1,3,33
10/1/2020,1,3,26
10/2/2020,1,3,21
10/3/2020,1,3,40
10/4/2020,1,3,41
10/5/2020,1,3,31
10/6/2020,1,3,31
10/7/2020,1,3,34
10/8/2020,1,3,34
10/9/2020,1,3,32
10/10/2020,1,3,37
10/11/2020,1,3,35
10/12/2020,1,3,28
10/13/2020,1,3,44
10/14/2020,1,3,30
10/15/2020,1,3,26
10/16/2020,1,3,24
10/17/2020,1,3,32
10/18/2020,1,3,36
10/19/2020,1,3,32
10/20/2020,1,3,31
10/21/2020,1,3,36
10/22/2020,1,3,39
10/23/2020,1,3,33
10/24/2020,1,3,32
10/25/2020,1,3,39
10/26/2020,1,3,30
10/27/2020,1,3,40
10/28/2020,1,3,38
10/29/2020,1,3,38
10/30/2020,1,3,37
10/31/2020,1,3,34
11/1/2020,1,3,46
11/2/2020,1,3,22
11/3/2020,1,3,28
11/4/2020,1,3,25
11/5/2020,1,3,37
11/6/2020,1,3,37
11/7/2020,1,3,39
11/8/2020,1,3,47
11/9/2020,1,3,27
11/10/2020,1,3,22
11/11/2020,1,3,42
11/12/2020,1,3,42
11/13/2020,1,3,32
11/14/2020,1,3,43
11/15/2020,1,3,43
11/16/2020,1,3,30
11/17/2020,1,3,34
11/18/2020,1,3,36
11/19/2020,1,3,29
11/20/2020,1,3,43
11/21/2020,1,3,36
11/22/2020,1,3,43
11/23/2020,1,3,25
11/24/2020,1,3,27
11/25/2020,1,3,32
11/26/2020,1,3,38
11/27/2020,1,3,32
11/28/2020,1,3,41
11/29/2020,1,3,49
11/30/2020,1,3,32
12/1/2020,1,3,15
12/2/2020,1,3,22
12/3/2020,1,3,12
12/4/2020,1,3,23
12/5/2020,1,3,33
12/6/2020,1,3,40
12/7/2020,1,3,20
12/8/2020,1,3,24
12/9/2020,1,3,19
12/10/2020,1,3,30
12/11/2020,1,3,25
12/12/2020,1,3,34
12/13/2020,1,3,39
12/14/2020,1,3,22
12/15/2020,1,3,24
12/16/2020,1,3,26
12/17/2020,1,3,23
12/18/2020,1,3,36
12/19/2020,1,3,24
12/20/2020,1,3,22
12/21/2020,1,3,18
12/22/2020,1,3,29
12/23/2020,1,3,22
12/24/2020,1,3,32
12/25/2020,1,3,20
12/26/2020,1,3,23
12/27/2020,1,3,19
12/28/2020,1,3,8
12/29/2020,1,3,28
12/30/2020,1,3,21
12/31/2020,1,3,17
1/1/2021,1,3,23
1/2/2021,1,3,22
1/3/2021,1,3,31
1/4/2021,1,3,23
1/5/2021,1,3,18
1/6/2021,1,3,20
1/7/2021,1,3,24
1/8/2021,1,3,40
1/9/2021,1,3,31
1/10/2021,1,3,35
1/11/2021,1,3,15
1/12/2021,1,3,34
1/13/2021,1,3,24
1/14/2021,1,3,27
1/15/2021,1,3,27
1/16/2021,1,3,27
1/17/2021,1,3,31
1/18/2021,1,3,22
1/19/2021,1,3,21
1/20/2021,1,3,20
1/21/2021,1,3,22
1/22/2021,1,3,29
1/23/2021,1,3,32
1/24/2021,1,3,31
1/25/2021,1,3,21
1/26/2021,1,3,18
1/27/2021,1,3,21
1/28/2021,1,3,22
1/29/2021,1,3,26
1/30/2021,1,3,27
1/31/2021,1,3,31
2/1/2021,1,3,14
2/2/2021,1,3,28
2/3/2021,1,3,26
2/4/2021,1,3,27
2/5/2021,1,3,32
2/6/2021,1,3,34
2/7/2021,1,3,33
2/8/2021,1,3,22
2/9/2021,1,3,35
2/10/2021,1,3,33
2/11/2021,1,3,27
2/12/2021,1,3,24
2/13/2021,1,3,33
2/14/2021,1,3,30
2/15/2021,1,3,18
2/16/2021,1,3,30
2/17/2021,1,3,22
2/18/2021,1,3,25
2/19/2021,1,3,27
2/20/2021,1,3,27
2/21/2021,1,3,37
2/22/2021,1,3,27
2/23/2021,1,3,28
2/24/2021,1,3,32
2/25/2021,1,3,20
2/26/2021,1,3,27
2/27/2021,1,3,21
2/28/2021,1,3,32
2/29/2021,1,3,20
3/1/2021,1,3,32
3/2/2021,1,3,22
3/3/2021,1,3,40
3/4/2021,1,3,36
3/5/2021,1,3,43
3/6/2021,1,3,35
3/7/2021,1,3,26
3/8/2021,1,3,34
3/9/2021,1,3,38
3/10/2021,1,3,46
3/11/2021,1,3,26
3/12/2021,1,3,38
3/13/2021,1,3,34
3/14/2021,1,3,18
3/15/2021,1,3,24
3/16/2021,1,3,28
3/17/2021,1,3,24
3/18/2021,1,3,37
3/19/2021,1,3,44
3/20/2021,1,3,39
3/21/2021,1,3,21
3/22/2021,1,3,25
3/23/2021,1,3,36
3/24/2021,1,3,30
3/25/2021,1,3,44
3/26/2021,1,3,37
3/27/2021,1,3,37
3/28/2021,1,3,27
3/29/2021,1,3,30
3/30/2021,1,3,21
3/31/2021,1,3,29
4/1/2021,1,3,40
4/2/2021,1,3,28
4/3/2021,1,3,43
4/4/2021,1,3,36
4/5/2021,1,3,32
4/6/2021,1,3,35
4/7/2021,1,3,40
4/8/2021,1,3,50
4/9/2021,1,3,36
4/10/2021,1,3,67
4/11/2021,1,3,33
4/12/2021,1,3,29
4/13/2021,1,3,28
4/14/2021,1,3,38
4/15/2021,1,3,34
4/16/2021,1,3,48
4/17/2021,1,3,39
4/18/2021,1,3,26
4/19/2021,1,3,23
4/20/2021,1,3,43
4/21/2021,1,3,43
4/22/2021,1,3,35
4/23/2021,1,3,44
4/24/2021,1,3,43
4/25/2021,1,3,34
4/26/2021,1,3,32
4/27/2021,1,3,31
4/28/2021,1,3,34
4/29/2021,1,3,32
4/30/2021,1,3,37
5/1/2021,1,3,53
5/2/2021,1,3,30
5/3/2021,1,3,35
5/4/2021,1,3,37
5/5/2021,1,3,59
5/6/2021,1,3,50
5/7/2021,1,3,54
5/8/2021,1,3,49
5/9/2021,1,3,40
5/10/2021,1,3,35
5/11/2021,1,3,39
5/12/2021,1,3,39
5/13/2021,1,3,44
5/14/2021,1,3,32
5/15/2021,1,3,46
5/16/2021,1,3,36
5/17/2021,1,3,34
5/18/2021,1,3,43
5/19/2021,1,3,44
5/20/2021,1,3,46
5/21/2021,1,3,51
5/22/2021,1,3,43
5/23/2021,1,3,36
5/24/2021,1,3,34
5/25/2021,1,3,39
5/26/2021,1,3,52
5/27/2021,1,3,34
5/28/2021,1,3,55
5/29/2021,1,3,33
5/30/2021,1,3,36
5/31/2021,1,3,39
6/1/2021,1,3,40
6/2/2021,1,3,48
6/3/2021,1,3,40
6/4/2021,1,3,57
6/5/2021,1,3,48
6/6/2021,1,3,19
6/7/2021,1,3,43
6/8/2021,1,3,36
6/9/2021,1,3,32
6/10/2021,1,3,50
6/11/2021,1,3,36
6/12/2021,1,3,59
6/13/2021,1,3,38
6/14/2021,1,3,43
6/15/2021,1,3,52
6/16/2021,1,3,37
6/17/2021,1,3,50
6/18/2021,1,3,47
6/19/2021,1,3,46
6/20/2021,1,3,35
6/21/2021,1,3,40
6/22/2021,1,3,34
6/23/2021,1,3,46
6/24/2021,1,3,43
6/25/2021,1,3,42
6/26/2021,1,3,57
6/27/2021,1,3,24
6/28/2021,1,3,40
6/29/2021,1,3,38
6/30/2021,1,3,56
7/1/2021,1,3,51
7/2/2021,1,3,35
7/3/2021,1,3,54
7/4/2021,1,3,35
7/5/2021,1,3,53
7/6/2021,1,3,40
7/7/2021,1,3,41
7/8/2021,1,3,31
7/9/2021,1,3,55
7/10/2021,1,3,54
7/11/2021,1,3,41
7/12/2021,1,3,41
7/13/2021,1,3,39
7/14/2021,1,3,57
7/15/2021,1,3,47
7/16/2021,1,3,50
7/17/2021,1,3,60
7/18/2021,1,3,44
7/19/2021,1,3,43
7/20/2021,1,3,46
7/21/2021,1,3,45
7/22/2021,1,3,51
7/23/2021,1,3,49
7/24/2021,1,3,70
7/25/2021,1,3,39
7/26/2021,1,3,35
7/27/2021,1,3,37
7/28/2021,1,3,55
7/29/2021,1,3,45
7/30/2021,1,3,50
7/31/2021,1,3,50
8/1/2021,1,3,17
8/2/2021,1,3,35
8/3/2021,1,3,36
8/4/2021,1,3,35
8/5/2021,1,3,36
8/6/2021,1,3,46
8/7/2021,1,3,38
8/8/2021,1,3,36
8/9/2021,1,3,50
8/10/2021,1,3,26
8/11/2021,1,3,37
8/12/2021,1,3,48
8/13/2021,1,3,52
8/14/2021,1,3,46
8/15/2021,1,3,31
8/16/2021,1,3,35
8/17/2021,1,3,36
8/18/2021,1,3,36
8/19/2021,1,3,41
8/20/2021,1,3,48
8/21/2021,1,3,38
8/22/2021,1,3,30
8/23/2021,1,3,36
8/24/2021,1,3,46
8/25/2021,1,3,43
8/26/2021,1,3,47
8/27/2021,1,3,40
8/28/2021,1,3,43
8/29/2021,1,3,41
8/30/2021,1,3,25
8/31/2021,1,3,43
9/1/2021,1,3,31
9/2/2021,1,3,39
9/3/2021,1,3,48
9/4/2021,1,3,49
9/5/2021,1,3,30
9/6/2021,1,3,35
9/7/2021,1,3,33
9/8/2021,1,3,37
9/9/2021,1,3,49
9/10/2021,1,3,41
9/11/2021,1,3,42
9/12/2021,1,3,34
9/13/2021,1,3,31
9/14/2021,1,3,41
9/15/2021,1,3,39
9/16/2021,1,3,58
9/17/2021,1,3,36
9/18/2021,1,3,45
9/19/2021,1,3,29
9/20/2021,1,3,42
9/21/2021,1,3,34
9/22/2021,1,3,41
9/23/2021,1,3,36
9/24/2021,1,3,44
9/25/2021,1,3,41
9/26/2021,1,3,38
9/27/2021,1,3,31
9/28/2021,1,3,30
9/29/2021,1,3,36
9/30/2021,1,3,43
10/1/2021,1,3,38
10/2/2021,1,3,48
10/3/2021,1,3,30
10/4/2021,1,3,24
10/5/2021,1,3,21
10/6/2021,1,3,42
10/7/2021,1,3,39
10/8/2021,1,3,35
10/9/2021,1,3,40
10/10/2021,1,3,30
10/11/2021,1,3,32
10/12/2021,1,3,39
10/13/2021,1,3,31
10/14/2021,1,3,30
10/15/2021,1,3,42
10/16/2021,1,3,48
10/17/2021,1,3,30
10/18/2021,1,3,27
10/19/2021,1,3,31
10/20/2021,1,3,35
10/21/2021,1,3,28
10/22/2021,1,3,41
10/23/2021,1,3,43
10/24/2021,1,3,26
10/25/2021,1,3,32
10/26/2021,1,3,30
10/27/2021,1,3,29
10/28/2021,1,3,37
10/29/2021,1,3,42
10/30/2021,1,3,44
10/31/2021,1,3,32
11/1/2021,1,3,40
11/2/2021,1,3,29
11/3/2021,1,3,41
11/4/2021,1,3,45
11/5/2021,1,3,35
11/6/2021,1,3,44
11/7/2021,1,3,22
11/8/2021,1,3,31
11/9/2021,1,3,36
11/10/2021,1,3,37
11/11/2021,1,3,39
11/12/2021,1,3,43
11/13/2021,1,3,56
11/14/2021,1,3,26
11/15/2021,1,3,39
11/16/2021,1,3,29
11/17/2021,1,3,36
11/18/2021,1,3,38
11/19/2021,1,3,44
11/20/2021,1,3,53
11/21/2021,1,3,27
11/22/2021,1,3,46
11/23/2021,1,3,40
11/24/2021,1,3,37
11/25/2021,1,3,40
11/26/2021,1,3,50
11/27/2021,1,3,38
11/28/2021,1,3,21
11/29/2021,1,3,44
11/30/2021,1,3,28
12/1/2021,1,3,20
12/2/2021,1,3,28
12/3/2021,1,3,25
12/4/2021,1,3,36
12/5/2021,1,3,19
12/6/2021,1,3,28
12/7/2021,1,3,28
12/8/2021,1,3,23
12/9/2021,1,3,38
12/10/2021,1,3,37
12/11/2021,1,3,33
12/12/2021,1,3,18
12/13/2021,1,3,31
12/14/2021,1,3,21
12/15/2021,1,3,22
12/16/2021,1,3,25
12/17/2021,1,3,23
12/18/2021,1,3,25
12/19/2021,1,3,21
12/20/2021,1,3,24
12/21/2021,1,3,26
12/22/2021,1,3,24
12/23/2021,1,3,26
12/24/2021,1,3,37
12/25/2021,1,3,38
12/26/2021,1,3,23
12/27/2021,1,3,29
12/28/2021,1,3,22
12/29/2021,1,3,26
12/30/2021,1,3,26
12/31/2021,1,3,29
1/1/2022,1,3,36
1/2/2022,1,3,23
1/3/2022,1,3,20
1/4/2022,1,3,23
1/5/2022,1,3,25
1/6/2022,1,3,23
1/7/2022,1,3,26
1/8/2022,1,3,32
1/9/2022,1,3,23
1/10/2022,1,3,17
1/11/2022,1,3,15
1/12/2022,1,3,37
1/13/2022,1,3,31
1/14/2022,1,3,30
1/15/2022,1,3,22
1/16/2022,1,3,19
1/17/2022,1,3,20
1/18/2022,1,3,34
1/19/2022,1,3,22
1/20/2022,1,3,26
1/21/2022,1,3,33
1/22/2022,1,3,33
1/23/2022,1,3,17
1/24/2022,1,3,19
1/25/2022,1,3,25
1/26/2022,1,3,17
1/27/2022,1,3,28
1/28/2022,1,3,30
1/29/2022,1,3,27
1/30/2022,1,3,27
1/31/2022,1,3,28
2/1/2022,1,3,25
2/2/2022,1,3,20
2/3/2022,1,3,31
2/4/2022,1,3,19
2/5/2022,1,3,38
2/6/2022,1,3,23
2/7/2022,1,3,27
2/8/2022,1,3,20
2/9/2022,1,3,30
2/10/2022,1,3,37
2/11/2022,1,3,23
2/12/2022,1,3,31
2/13/2022,1,3,28
2/14/2022,1,3,19
2/15/2022,1,3,22
2/16/2022,1,3,33
2/17/2022,1,3,29
2/18/2022,1,3,39
2/19/2022,1,3,34
2/20/2022,1,3,24
2/21/2022,1,3,29
2/22/2022,1,3,25
2/23/2022,1,3,19
2/24/2022,1,3,35
2/25/2022,1,3,29
2/26/2022,1,3,32
2/27/2022,1,3,25
2/28/2022,1,3,31
3/1/2022,1,3,40
3/2/2022,1,3,34
3/3/2022,1,3,32
3/4/2022,1,3,32
3/5/2022,1,3,41
3/6/2022,1,3,19
3/7/2022,1,3,30
3/8/2022,1,3,35
3/9/2022,1,3,27
3/10/2022,1,3,36
3/11/2022,1,3,35
3/12/2022,1,3,34
3/13/2022,1,3,28
3/14/2022,1,3,34
3/15/2022,1,3,37
3/16/2022,1,3,33
3/17/2022,1,3,28
3/18/2022,1,3,36
3/19/2022,1,3,48
3/20/2022,1,3,22
3/21/2022,1,3,32
3/22/2022,1,3,20
3/23/2022,1,3,33
3/24/2022,1,3,39
3/25/2022,1,3,41
3/26/2022,1,3,44
3/27/2022,1,3,32
3/28/2022,1,3,29
3/29/2022,1,3,28
3/30/2022,1,3,28
3/31/2022,1,3,36
4/1/2022,1,3,40
4/2/2022,1,3,43
4/3/2022,1,3,33
4/4/2022,1,3,32
4/5/2022,1,3,42
4/6/2022,1,3,40
4/7/2022,1,3,45
4/8/2022,1,3,32
4/9/2022,1,3,42
4/10/2022,1,3,31
4/11/2022,1,3,34
4/12/2022,1,3,43
4/13/2022,1,3,39
4/14/2022,1,3,43
4/15/2022,1,3,49
4/16/2022,1,3,49
4/17/2022,1,3,40
4/18/2022,1,3,27
4/19/2022,1,3,38
4/20/2022,1,3,41
4/21/2022,1,3,37
4/22/2022,1,3,44
4/23/2022,1,3,43
4/24/2022,1,3,39
4/25/2022,1,3,52
4/26/2022,1,3,39
4/27/2022,1,3,41
4/28/2022,1,3,39
4/29/2022,1,3,44
4/30/2022,1,3,46
5/1/2022,1,3,25
5/2/2022,1,3,45
5/3/2022,1,3,49
5/4/2022,1,3,43
5/5/2022,1,3,51
5/6/2022,1,3,44
5/7/2022,1,3,66
5/8/2022,1,3,36
5/9/2022,1,3,31
5/10/2022,1,3,44
5/11/2022,1,3,34
5/12/2022,1,3,39
5/13/2022,1,3,59
5/14/2022,1,3,47
5/15/2022,1,3,33
5/16/2022,1,3,38
5/17/2022,1,3,41
5/18/2022,1,3,38
5/19/2022,1,3,48
5/20/2022,1,3,54
5/21/2022,1,3,49
5/22/2022,1,3,33
5/23/2022,1,3,41
5/24/2022,1,3,40
5/25/2022,1,3,37
5/26/2022,1,3,65
5/27/2022,1,3,59
5/28/2022,1,3,62
5/29/2022,1,3,37
5/30/2022,1,3,44
5/31/2022,1,3,55
6/1/2022,1,3,57
6/2/2022,1,3,54
6/3/2022,1,3,37
6/4/2022,1,3,54
6/5/2022,1,3,48
6/6/2022,1,3,41
6/7/2022,1,3,42
6/8/2022,1,3,53
6/9/2022,1,3,49
6/10/2022,1,3,44
6/11/2022,1,3,46
6/12/2022,1,3,44
6/13/2022,1,3,34
6/14/2022,1,3,48
6/15/2022,1,3,49
6/16/2022,1,3,50
6/17/2022,1,3,67
6/18/2022,1,3,57
6/19/2022,1,3,30
6/20/2022,1,3,44
6/21/2022,1,3,47
6/22/2022,1,3,31
6/23/2022,1,3,45
6/24/2022,1,3,51
6/25/2022,1,3,52
6/26/2022,1,3,23
6/27/2022,1,3,39
6/28/2022,1,3,40
6/29/2022,1,3,35
6/30/2022,1,3,45
7/1/2022,1,3,41
7/2/2022,1,3,58
7/3/2022,1,3,36
7/4/2022,1,3,47
7/5/2022,1,3,41
7/6/2022,1,3,43
7/7/2022,1,3,49
7/8/2022,1,3,57
7/9/2022,1,3,59
7/10/2022,1,3,43
7/11/2022,1,3,33
7/12/2022,1,3,48
7/13/2022,1,3,54
7/14/2022,1,3,65
7/15/2022,1,3,47
7/16/2022,1,3,69
7/17/2022,1,3,46
7/18/2022,1,3,43
7/19/2022,1,3,40
7/20/2022,1,3,41
7/21/2022,1,3,59
7/22/2022,1,3,43
7/23/2022,1,3,68
7/24/2022,1,3,46
7/25/2022,1,3,39
7/26/2022,1,3,37
7/27/2022,1,3,41
7/28/2022,1,3,60
7/29/2022,1,3,55
7/30/2022,1,3,56
7/31/2022,1,3,37
8/1/2022,1,3,43
8/2/2022,1,3,31
8/3/2022,1,3,37
8/4/2022,1,3,29
8/5/2022,1,3,68
8/6/2022,1,3,46
8/7/2022,1,3,36
8/8/2022,1,3,35
8/9/2022,1,3,26
8/10/2022,1,3,42
8/11/2022,1,3,41
8/12/2022,1,3,42
8/13/2022,1,3,61
8/14/2022,1,3,33
8/15/2022,1,3,38
8/16/2022,1,3,32
8/17/2022,1,3,29
8/18/2022,1,3,39
8/19/2022,1,3,47
8/20/2022,1,3,59
8/21/2022,1,3,50
8/22/2022,1,3,45
8/23/2022,1,3,48
8/24/2022,1,3,45
8/25/2022,1,3,46
8/26/2022,1,3,51
8/27/2022,1,3,52
8/28/2022,1,3,21
8/29/2022,1,3,40
8/30/2022,1,3,29
8/31/2022,1,3,37
9/1/2022,1,3,41
9/2/2022,1,3,47
9/3/2022,1,3,41
9/4/2022,1,3,40
9/5/2022,1,3,43
9/6/2022,1,3,51
9/7/2022,1,3,44
9/8/2022,1,3,46
9/9/2022,1,3,36
9/10/2022,1,3,36
9/11/2022,1,3,29
9/12/2022,1,3,30
9/13/2022,1,3,34
9/14/2022,1,3,41
9/15/2022,1,3,45
9/16/2022,1,3,41
9/17/2022,1,3,49
9/18/2022,1,3,42
9/19/2022,1,3,32
9/20/2022,1,3,28
9/21/2022,1,3,34
9/22/2022,1,3,46
9/23/2022,1,3,52
9/24/2022,1,3,47
9/25/2022,1,3,26
9/26/2022,1,3,38
9/27/2022,1,3,41
9/28/2022,1,3,37
9/29/2022,1,3,35
9/30/2022,1,3,48
10/1/2022,1,3,38
10/2/2022,1,3,32
10/3/2022,1,3,28
10/4/2022,1,3,34
10/5/2022,1,3,40
10/6/2022,1,3,34
10/7/2022,1,3,34
10/8/2022,1,3,47
10/9/2022,1,3,18
10/10/2022,1,3,35
10/11/2022,1,3,39
10/12/2022,1,3,29
10/13/2022,1,3,33
10/14/2022,1,3,42
10/15/2022,1,3,49
10/16/2022,1,3,31
10/17/2022,1,3,37
10/18/2022,1,3,40
10/19/2022,1,3,38
10/20/2022,1,3,41
10/21/2022,1,3,45
10/22/2022,1,3,31
10/23/2022,1,3,30
10/24/2022,1,3,43
10/25/2022,1,3,32
10/26/2022,1,3,35
10/27/2022,1,3,38
10/28/2022,1,3,43
10/29/2022,1,3,31
10/30/2022,1,3,27
10/31/2022,1,3,26
11/1/2022,1,3,50
11/2/2022,1,3,41
11/3/2022,1,3,43
11/4/2022,1,3,41
11/5/2022,1,3,51
11/6/2022,1,3,43
11/7/2022,1,3,37
11/8/2022,1,3,31
11/9/2022,1,3,37
11/10/2022,1,3,23
11/11/2022,1,3,39
11/12/2022,1,3,53
11/13/2022,1,3,35
11/14/2022,1,3,29
11/15/2022,1,3,37
11/16/2022,1,3,38
11/17/2022,1,3,35
11/18/2022,1,3,43
11/19/2022,1,3,43
11/20/2022,1,3,36
11/21/2022,1,3,40
11/22/2022,1,3,38
11/23/2022,1,3,40
11/24/2022,1,3,37
11/25/2022,1,3,41
11/26/2022,1,3,43
11/27/2022,1,3,23
11/28/2022,1,3,36
11/29/2022,1,3,42
11/30/2022,1,3,31
12/1/2022,1,3,30
12/2/2022,1,3,31
12/3/2022,1,3,34
12/4/2022,1,3,21
12/5/2022,1,3,15
12/6/2022,1,3,32
12/7/2022,1,3,34
12/8/2022,1,3,27
12/9/2022,1,3,36
12/10/2022,1,3,44
12/11/2022,1,3,21
12/12/2022,1,3,28
12/13/2022,1,3,30
12/14/2022,1,3,27
12/15/2022,1,3,30
12/16/2022,1,3,32
12/17/2022,1,3,39
12/18/2022,1,3,21
12/19/2022,1,3,20
12/20/2022,1,3,21
12/21/2022,1,3,23
12/22/2022,1,3,22
12/23/2022,1,3,37
12/24/2022,1,3,33
12/25/2022,1,3,26
12/26/2022,1,3,18
12/27/2022,1,3,26
12/28/2022,1,3,21
12/29/2022,1,3,38
12/30/2022,1,3,27
12/31/2022,1,3,29
1/1/2018,2,3,19
1/2/2018,2,3,32
1/3/2018,2,3,26
1/4/2018,2,3,34
1/5/2018,2,3,25
1/6/2018,2,3,27
1/7/2018,2,3,29
1/8/2018,2,3,20
1/9/2018,2,3,18
1/10/2018,2,3,23
1/11/2018,2,3,35
1/12/2018,2,3,33
1/13/2018,2,3,44
1/14/2018,2,3,25
1/15/2018,2,3,32
1/16/2018,2,3,16
1/17/2018,2,3,23
1/18/2018,2,3,24
1/19/2018,2,3,19
1/20/2018,2,3,33
1/21/2018,2,3,28
1/22/2018,2,3,17
1/23/2018,2,3,23
1/24/2018,2,3,25
1/25/2018,2,3,28
1/26/2018,2,3,33
1/27/2018,2,3,30
1/28/2018,2,3,22
1/29/2018,2,3,19
1/30/2018,2,3,25
1/31/2018,2,3,24
2/1/2018,2,3,24
2/2/2018,2,3,42
2/3/2018,2,3,36
2/4/2018,2,3,25
2/5/2018,2,3,29
2/6/2018,2,3,29
2/7/2018,2,3,28
2/8/2018,2,3,33
2/9/2018,2,3,27
2/10/2018,2,3,43
2/11/2018,2,3,29
2/12/2018,2,3,26
2/13/2018,2,3,26
2/14/2018,2,3,24
2/15/2018,2,3,42
2/16/2018,2,3,32
2/17/2018,2,3,43
2/18/2018,2,3,18
2/19/2018,2,3,35
2/20/2018,2,3,23
2/21/2018,2,3,30
2/22/2018,2,3,30
2/23/2018,2,3,31
2/24/2018,2,3,48
2/25/2018,2,3,26
2/26/2018,2,3,19
2/27/2018,2,3,27
2/28/2018,2,3,23
3/1/2018,2,3,42
3/2/2018,2,3,35
3/3/2018,2,3,41
3/4/2018,2,3,26
3/5/2018,2,3,32
3/6/2018,2,3,22
3/7/2018,2,3,25
3/8/2018,2,3,38
3/9/2018,2,3,43
3/10/2018,2,3,45
3/11/2018,2,3,31
3/12/2018,2,3,30
3/13/2018,2,3,37
3/14/2018,2,3,28
3/15/2018,2,3,37
3/16/2018,2,3,43
3/17/2018,2,3,43
3/18/2018,2,3,40
3/19/2018,2,3,35
3/20/2018,2,3,35
3/21/2018,2,3,41
3/22/2018,2,3,33
3/23/2018,2,3,35
3/24/2018,2,3,46
3/25/2018,2,3,33
3/26/2018,2,3,35
3/27/2018,2,3,28
3/28/2018,2,3,33
3/29/2018,2,3,20
3/30/2018,2,3,47
3/31/2018,2,3,40
4/1/2018,2,3,25
4/2/2018,2,3,37
4/3/2018,2,3,42
4/4/2018,2,3,37
4/5/2018,2,3,45
4/6/2018,2,3,52
4/7/2018,2,3,52
4/8/2018,2,3,25
4/9/2018,2,3,29
4/10/2018,2,3,40
4/11/2018,2,3,27
4/12/2018,2,3,51
4/13/2018,2,3,52
4/14/2018,2,3,55
4/15/2018,2,3,40
4/16/2018,2,3,28
4/17/2018,2,3,49
4/18/2018,2,3,46
4/19/2018,2,3,46
4/20/2018,2,3,45
4/21/2018,2,3,48
4/22/2018,2,3,33
4/23/2018,2,3,24
4/24/2018,2,3,27
4/25/2018,2,3,36
4/26/2018,2,3,47
4/27/2018,2,3,51
4/28/2018,2,3,52
4/29/2018,2,3,32
4/30/2018,2,3,51
5/1/2018,2,3,43
5/2/2018,2,3,48
5/3/2018,2,3,39
5/4/2018,2,3,46
5/5/2018,2,3,51
5/6/2018,2,3,34
5/7/2018,2,3,35
5/8/2018,2,3,40
5/9/2018,2,3,31
5/10/2018,2,3,46
5/11/2018,2,3,37
5/12/2018,2,3,59
5/13/2018,2,3,35
5/14/2018,2,3,40
5/15/2018,2,3,46
5/16/2018,2,3,32
5/17/2018,2,3,46
5/18/2018,2,3,58
5/19/2018,2,3,44
5/20/2018,2,3,40
5/21/2018,2,3,36
5/22/2018,2,3,45
5/23/2018,2,3,43
5/24/2018,2,3,56
5/25/2018,2,3,39
5/26/2018,2,3,65
5/27/2018,2,3,24
5/28/2018,2,3,45
5/29/2018,2,3,44
5/30/2018,2,3,33
5/31/2018,2,3,45
6/1/2018,2,3,66
6/2/2018,2,3,61
6/3/2018,2,3,40
6/4/2018,2,3,51
6/5/2018,2,3,40
6/6/2018,2,3,44
6/7/2018,2,3,59
6/8/2018,2,3,58
6/9/2018,2,3,57
6/10/2018,2,3,36
6/11/2018,2,3,46
6/12/2018,2,3,38
6/13/2018,2,3,41
6/14/2018,2,3,42
6/15/2018,2,3,48
6/16/2018,2,3,47
6/17/2018,2,3,44
6/18/2018,2,3,33
6/19/2018,2,3,35
6/20/2018,2,3,38
6/21/2018,2,3,52
6/22/2018,2,3,57
6/23/2018,2,3,72
6/24/2018,2,3,38
6/25/2018,2,3,45
6/26/2018,2,3,39
6/27/2018,2,3,40
6/28/2018,2,3,59
6/29/2018,2,3,49
6/30/2018,2,3,54
7/1/2018,2,3,30
7/2/2018,2,3,46
7/3/2018,2,3,57
7/4/2018,2,3,45
7/5/2018,2,3,41
7/6/2018,2,3,67
7/7/2018,2,3,59
7/8/2018,2,3,43
7/9/2018,2,3,59
7/10/2018,2,3,48
7/11/2018,2,3,58
7/12/2018,2,3,65
7/13/2018,2,3,50
7/14/2018,2,3,60
7/15/2018,2,3,52
7/16/2018,2,3,43
7/17/2018,2,3,40
7/18/2018,2,3,57
7/19/2018,2,3,54
7/20/2018,2,3,65
7/21/2018,2,3,56
7/22/2018,2,3,44
7/23/2018,2,3,50
7/24/2018,2,3,45
7/25/2018,2,3,48
7/26/2018,2,3,51
7/27/2018,2,3,80
7/28/2018,2,3,62
7/29/2018,2,3,39
7/30/2018,2,3,31
7/31/2018,2,3,38
8/1/2018,2,3,49
8/2/2018,2,3,44
8/3/2018,2,3,50
8/4/2018,2,3,49
8/5/2018,2,3,31
8/6/2018,2,3,49
8/7/2018,2,3,39
8/8/2018,2,3,37
8/9/2018,2,3,46
8/10/2018,2,3,58
8/11/2018,2,3,42
8/12/2018,2,3,35
8/13/2018,2,3,36
8/14/2018,2,3,24
8/15/2018,2,3,33
8/16/2018,2,3,56
8/17/2018,2,3,55
8/18/2018,2,3,55
8/19/2018,2,3,41
8/20/2018,2,3,38
8/21/2018,2,3,49
8/22/2018,2,3,43
8/23/2018,2,3,38
8/24/2018,2,3,49
8/25/2018,2,3,41
8/26/2018,2,3,37
8/27/2018,2,3,36
8/28/2018,2,3,39
8/29/2018,2,3,46
8/30/2018,2,3,38
8/31/2018,2,3,44
9/1/2018,2,3,36
9/2/2018,2,3,35
9/3/2018,2,3,42
9/4/2018,2,3,57
9/5/2018,2,3,36
9/6/2018,2,3,41
9/7/2018,2,3,50
9/8/2018,2,3,40
9/9/2018,2,3,37
9/10/2018,2,3,31
9/11/2018,2,3,40
9/12/2018,2,3,37
9/13/2018,2,3,39
9/14/2018,2,3,44
9/15/2018,2,3,47
9/16/2018,2,3,37
9/17/2018,2,3,34
9/18/2018,2,3,46
9/19/2018,2,3,28
9/20/2018,2,3,32
9/21/2018,2,3,55
9/22/2018,2,3,34
9/23/2018,2,3,34
9/24/2018,2,3,51
9/25/2018,2,3,44
9/26/2018,2,3,44
9/27/2018,2,3,46
9/28/2018,2,3,48
9/29/2018,2,3,58
9/30/2018,2,3,33
10/1/2018,2,3,35
10/2/2018,2,3,35
10/3/2018,2,3,35
10/4/2018,2,3,34
10/5/2018,2,3,47
10/6/2018,2,3,47
10/7/2018,2,3,33
10/8/2018,2,3,36
10/9/2018,2,3,39
10/10/2018,2,3,30
10/11/2018,2,3,44
10/12/2018,2,3,36
10/13/2018,2,3,48
10/14/2018,2,3,37
10/15/2018,2,3,42
10/16/2018,2,3,32
10/17/2018,2,3,30
10/18/2018,2,3,43
10/19/2018,2,3,44
10/20/2018,2,3,46
10/21/2018,2,3,31
10/22/2018,2,3,34
10/23/2018,2,3,40
10/24/2018,2,3,46
10/25/2018,2,3,40
10/26/2018,2,3,36
10/27/2018,2,3,29
10/28/2018,2,3,21
10/29/2018,2,3,37
10/30/2018,2,3,41
10/31/2018,2,3,31
11/1/2018,2,3,35
11/2/2018,2,3,49
11/3/2018,2,3,45
11/4/2018,2,3,23
11/5/2018,2,3,39
11/6/2018,2,3,50
11/7/2018,2,3,44
11/8/2018,2,3,52
11/9/2018,2,3,68
11/10/2018,2,3,46
11/11/2018,2,3,21
11/12/2018,2,3,35
11/13/2018,2,3,29
11/14/2018,2,3,40
11/15/2018,2,3,42
11/16/2018,2,3,37
11/17/2018,2,3,50
11/18/2018,2,3,33
11/19/2018,2,3,43
11/20/2018,2,3,32
11/21/2018,2,3,39
11/22/2018,2,3,42
11/23/2018,2,3,52
11/24/2018,2,3,39
11/25/2018,2,3,45
11/26/2018,2,3,32
11/27/2018,2,3,40
11/28/2018,2,3,42
11/29/2018,2,3,47
11/30/2018,2,3,40
12/1/2018,2,3,31
12/2/2018,2,3,16
12/3/2018,2,3,27
12/4/2018,2,3,25
12/5/2018,2,3,26
12/6/2018,2,3,38
12/7/2018,2,3,45
12/8/2018,2,3,39
12/9/2018,2,3,28
12/10/2018,2,3,23
12/11/2018,2,3,22
12/12/2018,2,3,30
12/13/2018,2,3,28
12/14/2018,2,3,39
12/15/2018,2,3,44
12/16/2018,2,3,23
12/17/2018,2,3,25
12/18/2018,2,3,25
12/19/2018,2,3,37
12/20/2018,2,3,28
12/21/2018,2,3,37
12/22/2018,2,3,39
12/23/2018,2,3,26
12/24/2018,2,3,22
12/25/2018,2,3,24
12/26/2018,2,3,24
12/27/2018,2,3,26
12/28/2018,2,3,20
12/29/2018,2,3,32
12/30/2018,2,3,20
12/31/2018,2,3,24
1/1/2019,2,3,32
1/2/2019,2,3,36
1/3/2019,2,3,29
1/4/2019,2,3,33
1/5/2019,2,3,31
1/6/2019,2,3,19
1/7/2019,2,3,24
1/8/2019,2,3,38
1/9/2019,2,3,21
1/10/2019,2,3,39
1/11/2019,2,3,37
1/12/2019,2,3,30
1/13/2019,2,3,28
1/14/2019,2,3,25
1/15/2019,2,3,25
1/16/2019,2,3,30
1/17/2019,2,3,35
1/18/2019,2,3,24
1/19/2019,2,3,34
1/20/2019,2,3,34
1/21/2019,2,3,21
1/22/2019,2,3,30
1/23/2019,2,3,23
1/24/2019,2,3,38
1/25/2019,2,3,33
1/26/2019,2,3,38
1/27/2019,2,3,20
1/28/2019,2,3,19
1/29/2019,2,3,31
1/30/2019,2,3,26
1/31/2019,2,3,36
2/1/2019,2,3,34
2/2/2019,2,3,46
2/3/2019,2,3,27
2/4/2019,2,3,26
2/5/2019,2,3,33
2/6/2019,2,3,32
2/7/2019,2,3,26
2/8/2019,2,3,33
2/9/2019,2,3,41
2/10/2019,2,3,22
2/11/2019,2,3,25
2/12/2019,2,3,31
2/13/2019,2,3,38
2/14/2019,2,3,35
2/15/2019,2,3,30
2/16/2019,2,3,30
2/17/2019,2,3,35
2/18/2019,2,3,33
2/19/2019,2,3,26
2/20/2019,2,3,37
2/21/2019,2,3,35
2/22/2019,2,3,47
2/23/2019,2,3,46
2/24/2019,2,3,30
2/25/2019,2,3,27
2/26/2019,2,3,31
2/27/2019,2,3,38
2/28/2019,2,3,39
3/1/2019,2,3,58
3/2/2019,2,3,54
3/3/2019,2,3,40
3/4/2019,2,3,34
3/5/2019,2,3,40
3/6/2019,2,3,30
3/7/2019,2,3,45
3/8/2019,2,3,47
3/9/2019,2,3,47
3/10/2019,2,3,29
3/11/2019,2,3,37
3/12/2019,2,3,40
3/13/2019,2,3,41
3/14/2019,2,3,45
3/15/2019,2,3,38
3/16/2019,2,3,45
3/17/2019,2,3,41
3/18/2019,2,3,33
3/19/2019,2,3,36
3/20/2019,2,3,42
3/21/2019,2,3,53
3/22/2019,2,3,43
3/23/2019,2,3,53
3/24/2019,2,3,36
3/25/2019,2,3,39
3/26/2019,2,3,44
3/27/2019,2,3,43
3/28/2019,2,3,30
3/29/2019,2,3,40
3/30/2019,2,3,46
3/31/2019,2,3,40
4/1/2019,2,3,36
4/2/2019,2,3,35
4/3/2019,2,3,37
4/4/2019,2,3,55
4/5/2019,2,3,48
4/6/2019,2,3,61
4/7/2019,2,3,51
4/8/2019,2,3,42
4/9/2019,2,3,51
4/10/2019,2,3,51
4/11/2019,2,3,46
4/12/2019,2,3,43
4/13/2019,2,3,62
4/14/2019,2,3,50
4/15/2019,2,3,51
4/16/2019,2,3,40
4/17/2019,2,3,54
4/18/2019,2,3,39
4/19/2019,2,3,52
4/20/2019,2,3,51
4/21/2019,2,3,42
4/22/2019,2,3,38
4/23/2019,2,3,37
4/24/2019,2,3,42
4/25/2019,2,3,59
4/26/2019,2,3,43
4/27/2019,2,3,73
4/28/2019,2,3,35
4/29/2019,2,3,45
4/30/2019,2,3,43
5/1/2019,2,3,38
5/2/2019,2,3,59
5/3/2019,2,3,45
5/4/2019,2,3,65
5/5/2019,2,3,46
5/6/2019,2,3,37
5/7/2019,2,3,37
5/8/2019,2,3,50
5/9/2019,2,3,45
5/10/2019,2,3,44
5/11/2019,2,3,53
5/12/2019,2,3,44
5/13/2019,2,3,45
5/14/2019,2,3,50
5/15/2019,2,3,45
5/16/2019,2,3,53
5/17/2019,2,3,49
5/18/2019,2,3,65
5/19/2019,2,3,34
5/20/2019,2,3,45
5/21/2019,2,3,58
5/22/2019,2,3,41
5/23/2019,2,3,59
5/24/2019,2,3,61
5/25/2019,2,3,57
5/26/2019,2,3,38
5/27/2019,2,3,60
5/28/2019,2,3,46
5/29/2019,2,3,48
5/30/2019,2,3,53
5/31/2019,2,3,48
6/1/2019,2,3,69
6/2/2019,2,3,32
6/3/2019,2,3,48
6/4/2019,2,3,49
6/5/2019,2,3,69
6/6/2019,2,3,52
6/7/2019,2,3,67
6/8/2019,2,3,73
6/9/2019,2,3,55
6/10/2019,2,3,59
6/11/2019,2,3,62
6/12/2019,2,3,52
6/13/2019,2,3,55
6/14/2019,2,3,73
6/15/2019,2,3,59
6/16/2019,2,3,36
6/17/2019,2,3,64
6/18/2019,2,3,42
6/19/2019,2,3,65
6/20/2019,2,3,72
6/21/2019,2,3,57
6/22/2019,2,3,63
6/23/2019,2,3,41
6/24/2019,2,3,57
6/25/2019,2,3,38
6/26/2019,2,3,53
6/27/2019,2,3,60
6/28/2019,2,3,73
6/29/2019,2,3,58
6/30/2019,2,3,50
7/1/2019,2,3,48
7/2/2019,2,3,48
7/3/2019,2,3,52
7/4/2019,2,3,87
7/5/2019,2,3,57
7/6/2019,2,3,78
7/7/2019,2,3,47
7/8/2019,2,3,59
7/9/2019,2,3,56
7/10/2019,2,3,61
7/11/2019,2,3,52
7/12/2019,2,3,62
7/13/2019,2,3,64
7/14/2019,2,3,45
7/15/2019,2,3,47
7/16/2019,2,3,54
7/17/2019,2,3,75
7/18/2019,2,3,53
7/19/2019,2,3,65
7/20/2019,2,3,63
7/21/2019,2,3,53
7/22/2019,2,3,67
7/23/2019,2,3,39
7/24/2019,2,3,67
7/25/2019,2,3,79
7/26/2019,2,3,53
7/27/2019,2,3,71
7/28/2019,2,3,47
7/29/2019,2,3,50
7/30/2019,2,3,61
7/31/2019,2,3,46
8/1/2019,2,3,61
8/2/2019,2,3,54
8/3/2019,2,3,67
8/4/2019,2,3,47
8/5/2019,2,3,52
8/6/2019,2,3,48
8/7/2019,2,3,60
8/8/2019,2,3,48
8/9/2019,2,3,58
8/10/2019,2,3,52
8/11/2019,2,3,41
8/12/2019,2,3,55
8/13/2019,2,3,45
8/14/2019,2,3,48
8/15/2019,2,3,49
8/16/2019,2,3,44
8/17/2019,2,3,52
8/18/2019,2,3,42
8/19/2019,2,3,52
8/20/2019,2,3,47
8/21/2019,2,3,57
8/22/2019,2,3,52
8/23/2019,2,3,59
8/24/2019,2,3,57
8/25/2019,2,3,39
8/26/2019,2,3,46
8/27/2019,2,3,32
8/28/2019,2,3,53
8/29/2019,2,3,53
8/30/2019,2,3,57
8/31/2019,2,3,60
9/1/2019,2,3,36
9/2/2019,2,3,43
9/3/2019,2,3,44
9/4/2019,2,3,49
9/5/2019,2,3,44
9/6/2019,2,3,48
9/7/2019,2,3,59
9/8/2019,2,3,44
9/9/2019,2,3,39
9/10/2019,2,3,45
9/11/2019,2,3,45
9/12/2019,2,3,58
9/13/2019,2,3,73
9/14/2019,2,3,58
9/15/2019,2,3,39
9/16/2019,2,3,38
9/17/2019,2,3,56
9/18/2019,2,3,50
9/19/2019,2,3,53
9/20/2019,2,3,45
9/21/2019,2,3,48
9/22/2019,2,3,35
9/23/2019,2,3,44
9/24/2019,2,3,51
9/25/2019,2,3,41
9/26/2019,2,3,49
9/27/2019,2,3,42
9/28/2019,2,3,71
9/29/2019,2,3,32
9/30/2019,2,3,58
10/1/2019,2,3,43
10/2/2019,2,3,46
10/3/2019,2,3,55
10/4/2019,2,3,59
10/5/2019,2,3,47
10/6/2019,2,3,25
10/7/2019,2,3,43
10/8/2019,2,3,40
10/9/2019,2,3,48
10/10/2019,2,3,48
10/11/2019,2,3,49
10/12/2019,2,3,50
10/13/2019,2,3,31
10/14/2019,2,3,38
10/15/2019,2,3,50
10/16/2019,2,3,41
10/17/2019,2,3,34
10/18/2019,2,3,52
10/19/2019,2,3,54
10/20/2019,2,3,36
10/21/2019,2,3,36
10/22/2019,2,3,27
10/23/2019,2,3,38
10/24/2019,2,3,48
10/25/2019,2,3,47
10/26/2019,2,3,51
10/27/2019,2,3,30
10/28/2019,2,3,41
10/29/2019,2,3,46
10/30/2019,2,3,50
10/31/2019,2,3,44
11/1/2019,2,3,49
11/2/2019,2,3,56
11/3/2019,2,3,41
11/4/2019,2,3,43
11/5/2019,2,3,53
11/6/2019,2,3,38
11/7/2019,2,3,57
11/8/2019,2,3,43
11/9/2019,2,3,41
11/10/2019,2,3,32
11/11/2019,2,3,48
11/12/2019,2,3,40
11/13/2019,2,3,43
11/14/2019,2,3,59
11/15/2019,2,3,62
11/16/2019,2,3,62
11/17/2019,2,3,35
11/18/2019,2,3,45
11/19/2019,2,3,53
11/20/2019,2,3,53
11/21/2019,2,3,49
11/22/2019,2,3,54
11/23/2019,2,3,61
11/24/2019,2,3,29
11/25/2019,2,3,50
11/26/2019,2,3,46
11/27/2019,2,3,42
11/28/2019,2,3,50
11/29/2019,2,3,51
11/30/2019,2,3,60
12/1/2019,2,3,26
12/2/2019,2,3,35
12/3/2019,2,3,33
12/4/2019,2,3,50
12/5/2019,2,3,27
12/6/2019,2,3,36
12/7/2019,2,3,44
12/8/2019,2,3,27
12/9/2019,2,3,23
12/10/2019,2,3,27
12/11/2019,2,3,36
12/12/2019,2,3,38
12/13/2019,2,3,35
12/14/2019,2,3,36
12/15/2019,2,3,27
12/16/2019,2,3,32
12/17/2019,2,3,30
12/18/2019,2,3,32
12/19/2019,2,3,34
12/20/2019,2,3,29
12/21/2019,2,3,39
12/22/2019,2,3,24
12/23/2019,2,3,31
12/24/2019,2,3,24
12/25/2019,2,3,29
12/26/2019,2,3,34
12/27/2019,2,3,34
12/28/2019,2,3,46
12/29/2019,2,3,19
12/30/2019,2,3,34
12/31/2019,2,3,32
1/1/2020,2,3,32
1/2/2020,2,3,32
1/3/2020,2,3,36
1/4/2020,2,3,36
1/5/2020,2,3,31
1/6/2020,2,3,22
1/7/2020,2,3,25
1/8/2020,2,3,32
1/9/2020,2,3,47
1/10/2020,2,3,39
1/11/2020,2,3,50
1/12/2020,2,3,27
1/13/2020,2,3,28
1/14/2020,2,3,24
1/15/2020,2,3,33
1/16/2020,2,3,40
1/17/2020,2,3,36
1/18/2020,2,3,33
1/19/2020,2,3,24
1/20/2020,2,3,28
1/21/2020,2,3,23
1/22/2020,2,3,39
1/23/2020,2,3,33
1/24/2020,2,3,33
1/25/2020,2,3,53
1/26/2020,2,3,30
1/27/2020,2,3,26
1/28/2020,2,3,30
1/29/2020,2,3,26
1/30/2020,2,3,44
1/31/2020,2,3,42
2/1/2020,2,3,48
2/2/2020,2,3,29
2/3/2020,2,3,27
2/4/2020,2,3,37
2/5/2020,2,3,45
2/6/2020,2,3,30
2/7/2020,2,3,41
2/8/2020,2,3,36
2/9/2020,2,3,26
2/10/2020,2,3,34
2/11/2020,2,3,30
2/12/2020,2,3,38
2/13/2020,2,3,27
2/14/2020,2,3,35
2/15/2020,2,3,33
2/16/2020,2,3,20
2/17/2020,2,3,32
2/18/2020,2,3,39
2/19/2020,2,3,50
2/20/2020,2,3,40
2/21/2020,2,3,37
2/22/2020,2,3,42
2/23/2020,2,3,33
2/24/2020,2,3,36
2/25/2020,2,3,21
2/26/2020,2,3,40
2/27/2020,2,3,38
2/28/2020,2,3,39
3/1/2020,2,3,48
3/2/2020,2,3,31
3/3/2020,2,3,37
3/4/2020,2,3,34
3/5/2020,2,3,43
3/6/2020,2,3,35
3/7/2020,2,3,46
3/8/2020,2,3,53
3/9/2020,2,3,35
3/10/2020,2,3,36
3/11/2020,2,3,31
3/12/2020,2,3,35
3/13/2020,2,3,44
3/14/2020,2,3,59
3/15/2020,2,3,40
3/16/2020,2,3,32
3/17/2020,2,3,41
3/18/2020,2,3,39
3/19/2020,2,3,27
3/20/2020,2,3,51
3/21/2020,2,3,39
3/22/2020,2,3,47
3/23/2020,2,3,35
3/24/2020,2,3,34
3/25/2020,2,3,30
3/26/2020,2,3,38
3/27/2020,2,3,48
3/28/2020,2,3,58
3/29/2020,2,3,41
3/30/2020,2,3,26
3/31/2020,2,3,46
4/1/2020,2,3,45
4/2/2020,2,3,52
4/3/2020,2,3,59
4/4/2020,2,3,64
4/5/2020,2,3,54
4/6/2020,2,3,38
4/7/2020,2,3,38
4/8/2020,2,3,43
4/9/2020,2,3,42
4/10/2020,2,3,45
4/11/2020,2,3,65
4/12/2020,2,3,50
4/13/2020,2,3,27
4/14/2020,2,3,42
4/15/2020,2,3,49
4/16/2020,2,3,40
4/17/2020,2,3,51
4/18/2020,2,3,76
4/19/2020,2,3,63
4/20/2020,2,3,40
4/21/2020,2,3,30
4/22/2020,2,3,38
4/23/2020,2,3,49
4/24/2020,2,3,38
4/25/2020,2,3,62
4/26/2020,2,3,72
4/27/2020,2,3,37
4/28/2020,2,3,46
4/29/2020,2,3,39
4/30/2020,2,3,45
5/1/2020,2,3,55
5/2/2020,2,3,64
5/3/2020,2,3,51
5/4/2020,2,3,58
5/5/2020,2,3,48
5/6/2020,2,3,43
5/7/2020,2,3,45
5/8/2020,2,3,57
5/9/2020,2,3,59
5/10/2020,2,3,64
5/11/2020,2,3,32
5/12/2020,2,3,53
5/13/2020,2,3,43
5/14/2020,2,3,38
5/15/2020,2,3,47
5/16/2020,2,3,62
5/17/2020,2,3,64
5/18/2020,2,3,41
5/19/2020,2,3,54
5/20/2020,2,3,54
5/21/2020,2,3,54
5/22/2020,2,3,52
5/23/2020,2,3,64
5/24/2020,2,3,70
5/25/2020,2,3,44
5/26/2020,2,3,43
5/27/2020,2,3,44
5/28/2020,2,3,46
5/29/2020,2,3,74
5/30/2020,2,3,61
5/31/2020,2,3,59
6/1/2020,2,3,40
6/2/2020,2,3,59
6/3/2020,2,3,61
6/4/2020,2,3,58
6/5/2020,2,3,70
6/6/2020,2,3,67
6/7/2020,2,3,66
6/8/2020,2,3,44
6/9/2020,2,3,47
6/10/2020,2,3,39
6/11/2020,2,3,61
6/12/2020,2,3,53
6/13/2020,2,3,60
6/14/2020,2,3,76
6/15/2020,2,3,36
6/16/2020,2,3,44
6/17/2020,2,3,58
6/18/2020,2,3,72
6/19/2020,2,3,61
6/20/2020,2,3,56
6/21/2020,2,3,71
6/22/2020,2,3,48
6/23/2020,2,3,57
6/24/2020,2,3,57
6/25/2020,2,3,56
6/26/2020,2,3,64
6/27/2020,2,3,77
6/28/2020,2,3,67
6/29/2020,2,3,38
6/30/2020,2,3,46
7/1/2020,2,3,48
7/2/2020,2,3,65
7/3/2020,2,3,57
7/4/2020,2,3,72
7/5/2020,2,3,68
7/6/2020,2,3,39
7/7/2020,2,3,59
7/8/2020,2,3,55
7/9/2020,2,3,53
7/10/2020,2,3,58
7/11/2020,2,3,69
7/12/2020,2,3,68
7/13/2020,2,3,39
7/14/2020,2,3,55
7/15/2020,2,3,58
7/16/2020,2,3,52
7/17/2020,2,3,63
7/18/2020,2,3,79
7/19/2020,2,3,63
7/20/2020,2,3,42
7/21/2020,2,3,62
7/22/2020,2,3,59
7/23/2020,2,3,58
7/24/2020,2,3,69
7/25/2020,2,3,54
7/26/2020,2,3,72
7/27/2020,2,3,42
7/28/2020,2,3,61
7/29/2020,2,3,57
7/30/2020,2,3,61
7/31/2020,2,3,81
8/1/2020,2,3,62
8/2/2020,2,3,70
8/3/2020,2,3,44
8/4/2020,2,3,52
8/5/2020,2,3,36
8/6/2020,2,3,62
8/7/2020,2,3,45
8/8/2020,2,3,62
8/9/2020,2,3,54
8/10/2020,2,3,40
8/11/2020,2,3,52
8/12/2020,2,3,39
8/13/2020,2,3,45
8/14/2020,2,3,55
8/15/2020,2,3,69
8/16/2020,2,3,64
8/17/2020,2,3,41
8/18/2020,2,3,54
8/19/2020,2,3,53
8/20/2020,2,3,56
8/21/2020,2,3,58
8/22/2020,2,3,54
8/23/2020,2,3,83
8/24/2020,2,3,39
8/25/2020,2,3,52
8/26/2020,2,3,59
8/27/2020,2,3,50
8/28/2020,2,3,51
8/29/2020,2,3,58
8/30/2020,2,3,65
8/31/2020,2,3,40
9/1/2020,2,3,51
9/2/2020,2,3,59
9/3/2020,2,3,45
9/4/2020,2,3,49
9/5/2020,2,3,51
9/6/2020,2,3,67
9/7/2020,2,3,41
9/8/2020,2,3,53
9/9/2020,2,3,45
9/10/2020,2,3,54
9/11/2020,2,3,42
9/12/2020,2,3,67
9/13/2020,2,3,47
9/14/2020,2,3,35
9/15/2020,2,3,42
9/16/2020,2,3,48
9/17/2020,2,3,58
9/18/2020,2,3,51
9/19/2020,2,3,57
9/20/2020,2,3,58
9/21/2020,2,3,38
9/22/2020,2,3,49
9/23/2020,2,3,52
9/24/2020,2,3,46
9/25/2020,2,3,42
9/26/2020,2,3,39
9/27/2020,2,3,52
9/28/2020,2,3,34
9/29/2020,2,3,59
9/30/2020,2,3,52
10/1/2020,2,3,36
10/2/2020,2,3,42
10/3/2020,2,3,45
10/4/2020,2,3,62
10/5/2020,2,3,36
10/6/2020,2,3,39
10/7/2020,2,3,43
10/8/2020,2,3,37
10/9/2020,2,3,46
10/10/2020,2,3,40
10/11/2020,2,3,51
10/12/2020,2,3,25
10/13/2020,2,3,47
10/14/2020,2,3,44
10/15/2020,2,3,50
10/16/2020,2,3,49
10/17/2020,2,3,55
10/18/2020,2,3,53
10/19/2020,2,3,34
10/20/2020,2,3,41
10/21/2020,2,3,56
10/22/2020,2,3,51
10/23/2020,2,3,49
10/24/2020,2,3,49
10/25/2020,2,3,60
10/26/2020,2,3,34
10/27/2020,2,3,38
10/28/2020,2,3,40
10/29/2020,2,3,43
10/30/2020,2,3,48
10/31/2020,2,3,59
11/1/2020,2,3,64
11/2/2020,2,3,38
11/3/2020,2,3,49
11/4/2020,2,3,37
11/5/2020,2,3,38
11/6/2020,2,3,46
11/7/2020,2,3,42
11/8/2020,2,3,72
11/9/2020,2,3,41
11/10/2020,2,3,54
11/11/2020,2,3,51
11/12/2020,2,3,45
11/13/2020,2,3,61
11/14/2020,2,3,56
11/15/2020,2,3,55
11/16/2020,2,3,38
11/17/2020,2,3,40
11/18/2020,2,3,44
11/19/2020,2,3,52
11/20/2020,2,3,51
11/21/2020,2,3,56
11/22/2020,2,3,63
11/23/2020,2,3,49
11/24/2020,2,3,42
11/25/2020,2,3,41
11/26/2020,2,3,60
11/27/2020,2,3,52
11/28/2020,2,3,62
11/29/2020,2,3,55
11/30/2020,2,3,35
12/1/2020,2,3,32
12/2/2020,2,3,33
12/3/2020,2,3,33
12/4/2020,2,3,38
12/5/2020,2,3,58
12/6/2020,2,3,54
12/7/2020,2,3,19
12/8/2020,2,3,34
12/9/2020,2,3,27
12/10/2020,2,3,30
12/11/2020,2,3,35
12/12/2020,2,3,38
12/13/2020,2,3,43
12/14/2020,2,3,22
12/15/2020,2,3,27
12/16/2020,2,3,43
12/17/2020,2,3,40
12/18/2020,2,3,27
12/19/2020,2,3,42
12/20/2020,2,3,47
12/21/2020,2,3,31
12/22/2020,2,3,36
12/23/2020,2,3,38
12/24/2020,2,3,30
12/25/2020,2,3,43
12/26/2020,2,3,43
12/27/2020,2,3,44
12/28/2020,2,3,36
12/29/2020,2,3,40
12/30/2020,2,3,31
12/31/2020,2,3,35
1/1/2021,2,3,38
1/2/2021,2,3,38
1/3/2021,2,3,35
1/4/2021,2,3,23
1/5/2021,2,3,36
1/6/2021,2,3,38
1/7/2021,2,3,35
1/8/2021,2,3,34
1/9/2021,2,3,41
1/10/2021,2,3,46
1/11/2021,2,3,29
1/12/2021,2,3,23
1/13/2021,2,3,29
1/14/2021,2,3,36
1/15/2021,2,3,37
1/16/2021,2,3,40
1/17/2021,2,3,45
1/18/2021,2,3,25
1/19/2021,2,3,26
1/20/2021,2,3,28
1/21/2021,2,3,35
1/22/2021,2,3,35
1/23/2021,2,3,45
1/24/2021,2,3,39
1/25/2021,2,3,24
1/26/2021,2,3,25
1/27/2021,2,3,38
1/28/2021,2,3,36
1/29/2021,2,3,48
1/30/2021,2,3,39
1/31/2021,2,3,42
2/1/2021,2,3,26
2/2/2021,2,3,42
2/3/2021,2,3,28
2/4/2021,2,3,39
2/5/2021,2,3,53
2/6/2021,2,3,45
2/7/2021,2,3,42
2/8/2021,2,3,27
2/9/2021,2,3,31
2/10/2021,2,3,31
2/11/2021,2,3,39
2/12/2021,2,3,29
2/13/2021,2,3,47
2/14/2021,2,3,51
2/15/2021,2,3,30
2/16/2021,2,3,35
2/17/2021,2,3,29
2/18/2021,2,3,42
2/19/2021,2,3,45
2/20/2021,2,3,37
2/21/2021,2,3,42
2/22/2021,2,3,39
2/23/2021,2,3,32
2/24/2021,2,3,28
2/25/2021,2,3,43
2/26/2021,2,3,38
2/27/2021,2,3,60
2/28/2021,2,3,38
2/29/2021,2,3,25
3/1/2021,2,3,40
3/2/2021,2,3,36
3/3/2021,2,3,48
3/4/2021,2,3,61
3/5/2021,2,3,41
3/6/2021,2,3,55
3/7/2021,2,3,31
3/8/2021,2,3,36
3/9/2021,2,3,53
3/10/2021,2,3,47
3/11/2021,2,3,56
3/12/2021,2,3,61
3/13/2021,2,3,58
3/14/2021,2,3,38
3/15/2021,2,3,60
3/16/2021,2,3,51
3/17/2021,2,3,36
3/18/2021,2,3,60
3/19/2021,2,3,47
3/20/2021,2,3,47
3/21/2021,2,3,35
3/22/2021,2,3,41
3/23/2021,2,3,34
3/24/2021,2,3,46
3/25/2021,2,3,55
3/26/2021,2,3,62
3/27/2021,2,3,52
3/28/2021,2,3,34
3/29/2021,2,3,34
3/30/2021,2,3,40
3/31/2021,2,3,41
4/1/2021,2,3,71
4/2/2021,2,3,56
4/3/2021,2,3,57
4/4/2021,2,3,42
4/5/2021,2,3,43
4/6/2021,2,3,66
4/7/2021,2,3,58
4/8/2021,2,3,61
4/9/2021,2,3,54
4/10/2021,2,3,67
4/11/2021,2,3,28
4/12/2021,2,3,42
4/13/2021,2,3,52
4/14/2021,2,3,53
4/15/2021,2,3,73
4/16/2021,2,3,49
4/17/2021,2,3,72
4/18/2021,2,3,31
4/19/2021,2,3,50
4/20/2021,2,3,53
4/21/2021,2,3,41
4/22/2021,2,3,57
4/23/2021,2,3,57
4/24/2021,2,3,68
4/25/2021,2,3,42
4/26/2021,2,3,53
4/27/2021,2,3,46
4/28/2021,2,3,66
4/29/2021,2,3,41
4/30/2021,2,3,67
5/1/2021,2,3,72
5/2/2021,2,3,41
5/3/2021,2,3,39
5/4/2021,2,3,43
5/5/2021,2,3,63
5/6/2021,2,3,56
5/7/2021,2,3,68
5/8/2021,2,3,74
5/9/2021,2,3,33
5/10/2021,2,3,51
5/11/2021,2,3,61
5/12/2021,2,3,67
5/13/2021,2,3,64
5/14/2021,2,3,81
5/15/2021,2,3,71
5/16/2021,2,3,47
5/17/2021,2,3,43
5/18/2021,2,3,43
5/19/2021,2,3,59
5/20/2021,2,3,66
5/21/2021,2,3,57
5/22/2021,2,3,60
5/23/2021,2,3,51
5/24/2021,2,3,53
5/25/2021,2,3,57
5/26/2021,2,3,55
5/27/2021,2,3,51
5/28/2021,2,3,53
5/29/2021,2,3,69
5/30/2021,2,3,50
5/31/2021,2,3,56
6/1/2021,2,3,62
6/2/2021,2,3,62
6/3/2021,2,3,57
6/4/2021,2,3,66
6/5/2021,2,3,79
6/6/2021,2,3,41
6/7/2021,2,3,55
6/8/2021,2,3,59
6/9/2021,2,3,73
6/10/2021,2,3,73
6/11/2021,2,3,68
6/12/2021,2,3,78
6/13/2021,2,3,47
6/14/2021,2,3,64
6/15/2021,2,3,54
6/16/2021,2,3,78
6/17/2021,2,3,77
6/18/2021,2,3,72
6/19/2021,2,3,67
6/20/2021,2,3,61
6/21/2021,2,3,57
6/22/2021,2,3,62
6/23/2021,2,3,56
6/24/2021,2,3,57
6/25/2021,2,3,71
6/26/2021,2,3,72
6/27/2021,2,3,53
6/28/2021,2,3,44
6/29/2021,2,3,42
6/30/2021,2,3,50
7/1/2021,2,3,74
7/2/2021,2,3,94
7/3/2021,2,3,89
7/4/2021,2,3,54
7/5/2021,2,3,58
7/6/2021,2,3,70
7/7/2021,2,3,76
7/8/2021,2,3,79
7/9/2021,2,3,78
7/10/2021,2,3,75
7/11/2021,2,3,37
7/12/2021,2,3,46
7/13/2021,2,3,62
7/14/2021,2,3,77
7/15/2021,2,3,68
7/16/2021,2,3,65
7/17/2021,2,3,76
7/18/2021,2,3,50
7/19/2021,2,3,68
7/20/2021,2,3,56
7/21/2021,2,3,57
7/22/2021,2,3,64
7/23/2021,2,3,84
7/24/2021,2,3,88
7/25/2021,2,3,46
7/26/2021,2,3,52
7/27/2021,2,3,47
7/28/2021,2,3,64
7/29/2021,2,3,84
7/30/2021,2,3,84
7/31/2021,2,3,70
8/1/2021,2,3,54
8/2/2021,2,3,48
8/3/2021,2,3,52
8/4/2021,2,3,47
8/5/2021,2,3,61
8/6/2021,2,3,77
8/7/2021,2,3,63
8/8/2021,2,3,41
8/9/2021,2,3,55
8/10/2021,2,3,42
8/11/2021,2,3,66
8/12/2021,2,3,73
8/13/2021,2,3,68
8/14/2021,2,3,84
8/15/2021,2,3,44
8/16/2021,2,3,70
8/17/2021,2,3,59
8/18/2021,2,3,46
8/19/2021,2,3,62
8/20/2021,2,3,66
8/21/2021,2,3,76
8/22/2021,2,3,44
8/23/2021,2,3,55
8/24/2021,2,3,53
8/25/2021,2,3,57
8/26/2021,2,3,62
8/27/2021,2,3,62
8/28/2021,2,3,66
8/29/2021,2,3,56
8/30/2021,2,3,46
8/31/2021,2,3,55
9/1/2021,2,3,43
9/2/2021,2,3,46
9/3/2021,2,3,66
9/4/2021,2,3,68
9/5/2021,2,3,28
9/6/2021,2,3,40
9/7/2021,2,3,47
9/8/2021,2,3,49
9/9/2021,2,3,61
9/10/2021,2,3,59
9/11/2021,2,3,65
9/12/2021,2,3,41
9/13/2021,2,3,58
9/14/2021,2,3,55
9/15/2021,2,3,44
9/16/2021,2,3,62
9/17/2021,2,3,51
9/18/2021,2,3,61
9/19/2021,2,3,36
9/20/2021,2,3,44
9/21/2021,2,3,50
9/22/2021,2,3,41
9/23/2021,2,3,55
9/24/2021,2,3,55
9/25/2021,2,3,62
9/26/2021,2,3,25
9/27/2021,2,3,53
9/28/2021,2,3,42
9/29/2021,2,3,66
9/30/2021,2,3,59
10/1/2021,2,3,63
10/2/2021,2,3,49
10/3/2021,2,3,32
10/4/2021,2,3,48
10/5/2021,2,3,47
10/6/2021,2,3,57
10/7/2021,2,3,50
10/8/2021,2,3,56
10/9/2021,2,3,50
10/10/2021,2,3,34
10/11/2021,2,3,36
10/12/2021,2,3,55
10/13/2021,2,3,57
10/14/2021,2,3,60
10/15/2021,2,3,61
10/16/2021,2,3,71
10/17/2021,2,3,29
10/18/2021,2,3,30
10/19/2021,2,3,45
10/20/2021,2,3,51
10/21/2021,2,3,47
10/22/2021,2,3,53
10/23/2021,2,3,63
10/24/2021,2,3,38
10/25/2021,2,3,52
10/26/2021,2,3,52
10/27/2021,2,3,52
10/28/2021,2,3,58
10/29/2021,2,3,55
10/30/2021,2,3,57
10/31/2021,2,3,51
11/1/2021,2,3,50
11/2/2021,2,3,57
11/3/2021,2,3,57
11/4/2021,2,3,65
11/5/2021,2,3,43
11/6/2021,2,3,64
11/7/2021,2,3,48
11/8/2021,2,3,50
11/9/2021,2,3,50
11/10/2021,2,3,62
11/11/2021,2,3,54
11/12/2021,2,3,73
11/13/2021,2,3,53
11/14/2021,2,3,39
11/15/2021,2,3,51
11/16/2021,2,3,57
11/17/2021,2,3,51
11/18/2021,2,3,69
11/19/2021,2,3,75
11/20/2021,2,3,64
11/21/2021,2,3,46
11/22/2021,2,3,53
11/23/2021,2,3,50
11/24/2021,2,3,44
11/25/2021,2,3,72
11/26/2021,2,3,76
11/27/2021,2,3,58
11/28/2021,2,3,40
11/29/2021,2,3,45
11/30/2021,2,3,50
12/1/2021,2,3,38
12/2/2021,2,3,35
12/3/2021,2,3,49
12/4/2021,2,3,48
12/5/2021,2,3,33
12/6/2021,2,3,38
12/7/2021,2,3,27
12/8/2021,2,3,45
12/9/2021,2,3,48
12/10/2021,2,3,41
12/11/2021,2,3,44
12/12/2021,2,3,34
12/13/2021,2,3,31
12/14/2021,2,3,39
12/15/2021,2,3,33
12/16/2021,2,3,45
12/17/2021,2,3,42
12/18/2021,2,3,47
12/19/2021,2,3,33
12/20/2021,2,3,36
12/21/2021,2,3,33
12/22/2021,2,3,39
12/23/2021,2,3,41
12/24/2021,2,3,47
12/25/2021,2,3,48
12/26/2021,2,3,34
12/27/2021,2,3,29
12/28/2021,2,3,28
12/29/2021,2,3,41
12/30/2021,2,3,49
12/31/2021,2,3,57
1/1/2022,2,3,43
1/2/2022,2,3,25
1/3/2022,2,3,27
1/4/2022,2,3,33
1/5/2022,2,3,43
1/6/2022,2,3,33
1/7/2022,2,3,49
1/8/2022,2,3,40
1/9/2022,2,3,36
1/10/2022,2,3,33
1/11/2022,2,3,36
1/12/2022,2,3,38
1/13/2022,2,3,35
1/14/2022,2,3,33
1/15/2022,2,3,41
1/16/2022,2,3,22
1/17/2022,2,3,35
1/18/2022,2,3,32
1/19/2022,2,3,42
1/20/2022,2,3,34
1/21/2022,2,3,46
1/22/2022,2,3,45
1/23/2022,2,3,35
1/24/2022,2,3,33
1/25/2022,2,3,38
1/26/2022,2,3,45
1/27/2022,2,3,48
1/28/2022,2,3,39
1/29/2022,2,3,48
1/30/2022,2,3,40
1/31/2022,2,3,32
2/1/2022,2,3,50
2/2/2022,2,3,40
2/3/2022,2,3,47
2/4/2022,2,3,47
2/5/2022,2,3,47
2/6/2022,2,3,23
2/7/2022,2,3,32
2/8/2022,2,3,42
2/9/2022,2,3,44
2/10/2022,2,3,41
2/11/2022,2,3,37
2/12/2022,2,3,49
2/13/2022,2,3,38
2/14/2022,2,3,36
2/15/2022,2,3,44
2/16/2022,2,3,43
2/17/2022,2,3,48
2/18/2022,2,3,43
2/19/2022,2,3,48
2/20/2022,2,3,33
2/21/2022,2,3,30
2/22/2022,2,3,32
2/23/2022,2,3,36
2/24/2022,2,3,49
2/25/2022,2,3,47
2/26/2022,2,3,63
2/27/2022,2,3,30
2/28/2022,2,3,35
3/1/2022,2,3,40
3/2/2022,2,3,49
3/3/2022,2,3,48
3/4/2022,2,3,54
3/5/2022,2,3,55
3/6/2022,2,3,44
3/7/2022,2,3,54
3/8/2022,2,3,46
3/9/2022,2,3,47
3/10/2022,2,3,48
3/11/2022,2,3,61
3/12/2022,2,3,63
3/13/2022,2,3,40
3/14/2022,2,3,39
3/15/2022,2,3,49
3/16/2022,2,3,39
3/17/2022,2,3,64
3/18/2022,2,3,59
3/19/2022,2,3,67
3/20/2022,2,3,33
3/21/2022,2,3,45
3/22/2022,2,3,51
3/23/2022,2,3,43
3/24/2022,2,3,51
3/25/2022,2,3,42
3/26/2022,2,3,46
3/27/2022,2,3,40
3/28/2022,2,3,40
3/29/2022,2,3,40
3/30/2022,2,3,50
3/31/2022,2,3,53
4/1/2022,2,3,56
4/2/2022,2,3,61
4/3/2022,2,3,44
4/4/2022,2,3,52
4/5/2022,2,3,56
4/6/2022,2,3,57
4/7/2022,2,3,51
4/8/2022,2,3,69
4/9/2022,2,3,64
4/10/2022,2,3,38
4/11/2022,2,3,42
4/12/2022,2,3,56
4/13/2022,2,3,60
4/14/2022,2,3,55
4/15/2022,2,3,68
4/16/2022,2,3,61
4/17/2022,2,3,56
4/18/2022,2,3,46
4/19/2022,2,3,50
4/20/2022,2,3,51
4/21/2022,2,3,56
4/22/2022,2,3,63
4/23/2022,2,3,79
4/24/2022,2,3,45
4/25/2022,2,3,57
4/26/2022,2,3,64
4/27/2022,2,3,49
4/28/2022,2,3,61
4/29/2022,2,3,67
4/30/2022,2,3,64
5/1/2022,2,3,41
5/2/2022,2,3,70
5/3/2022,2,3,56
5/4/2022,2,3,69
5/5/2022,2,3,55
5/6/2022,2,3,63
5/7/2022,2,3,65
5/8/2022,2,3,42
5/9/2022,2,3,39
5/10/2022,2,3,61
5/11/2022,2,3,53
5/12/2022,2,3,61
5/13/2022,2,3,65
5/14/2022,2,3,66
5/15/2022,2,3,49
5/16/2022,2,3,55
5/17/2022,2,3,64
5/18/2022,2,3,60
5/19/2022,2,3,61
5/20/2022,2,3,64
5/21/2022,2,3,73
5/22/2022,2,3,40
5/23/2022,2,3,58
5/24/2022,2,3,46
5/25/2022,2,3,57
5/26/2022,2,3,82
5/27/2022,2,3,59
5/28/2022,2,3,65
5/29/2022,2,3,47
5/30/2022,2,3,53
5/31/2022,2,3,59
6/1/2022,2,3,70
6/2/2022,2,3,72
6/3/2022,2,3,78
6/4/2022,2,3,78
6/5/2022,2,3,67
6/6/2022,2,3,71
6/7/2022,2,3,79
6/8/2022,2,3,63
6/9/2022,2,3,71
6/10/2022,2,3,69
6/11/2022,2,3,57
6/12/2022,2,3,40
6/13/2022,2,3,47
6/14/2022,2,3,54
6/15/2022,2,3,59
6/16/2022,2,3,64
6/17/2022,2,3,71
6/18/2022,2,3,66
6/19/2022,2,3,54
6/20/2022,2,3,52
6/21/2022,2,3,72
6/22/2022,2,3,84
6/23/2022,2,3,69
6/24/2022,2,3,74
6/25/2022,2,3,62
6/26/2022,2,3,40
6/27/2022,2,3,65
6/28/2022,2,3,54
6/29/2022,2,3,68
6/30/2022,2,3,62
7/1/2022,2,3,74
7/2/2022,2,3,72
7/3/2022,2,3,62
7/4/2022,2,3,63
7/5/2022,2,3,62
7/6/2022,2,3,73
7/7/2022,2,3,82
7/8/2022,2,3,76
7/9/2022,2,3,77
7/10/2022,2,3,39
7/11/2022,2,3,58
7/12/2022,2,3,66
7/13/2022,2,3,73
7/14/2022,2,3,67
7/15/2022,2,3,71
7/16/2022,2,3,75
7/17/2022,2,3,45
7/18/2022,2,3,59
7/19/2022,2,3,55
7/20/2022,2,3,76
7/21/2022,2,3,75
7/22/2022,2,3,71
7/23/2022,2,3,89
7/24/2022,2,3,55
7/25/2022,2,3,63
7/26/2022,2,3,58
7/27/2022,2,3,60
7/28/2022,2,3,63
7/29/2022,2,3,63
7/30/2022,2,3,65
7/31/2022,2,3,56
8/1/2022,2,3,55
8/2/2022,2,3,59
8/3/2022,2,3,57
8/4/2022,2,3,79
8/5/2022,2,3,57
8/6/2022,2,3,60
8/7/2022,2,3,56
8/8/2022,2,3,61
8/9/2022,2,3,45
8/10/2022,2,3,60
8/11/2022,2,3,69
8/12/2022,2,3,78
8/13/2022,2,3,72
8/14/2022,2,3,63
8/15/2022,2,3,64
8/16/2022,2,3,60
8/17/2022,2,3,52
8/18/2022,2,3,74
8/19/2022,2,3,67
8/20/2022,2,3,56
8/21/2022,2,3,46
8/22/2022,2,3,48
8/23/2022,2,3,63
8/24/2022,2,3,45
8/25/2022,2,3,64
8/26/2022,2,3,62
8/27/2022,2,3,71
8/28/2022,2,3,50
8/29/2022,2,3,57
8/30/2022,2,3,52
8/31/2022,2,3,58
9/1/2022,2,3,47
9/2/2022,2,3,60
9/3/2022,2,3,56
9/4/2022,2,3,50
9/5/2022,2,3,60
9/6/2022,2,3,48
9/7/2022,2,3,48
9/8/2022,2,3,62
9/9/2022,2,3,58
9/10/2022,2,3,61
9/11/2022,2,3,61
9/12/2022,2,3,53
9/13/2022,2,3,41
9/14/2022,2,3,64
9/15/2022,2,3,59
9/16/2022,2,3,68
9/17/2022,2,3,67
9/18/2022,2,3,46
9/19/2022,2,3,56
9/20/2022,2,3,47
9/21/2022,2,3,61
9/22/2022,2,3,59
9/23/2022,2,3,62
9/24/2022,2,3,69
9/25/2022,2,3,34
9/26/2022,2,3,52
9/27/2022,2,3,43
9/28/2022,2,3,42
9/29/2022,2,3,59
9/30/2022,2,3,56
10/1/2022,2,3,50
10/2/2022,2,3,47
10/3/2022,2,3,47
10/4/2022,2,3,45
10/5/2022,2,3,32
10/6/2022,2,3,52
10/7/2022,2,3,66
10/8/2022,2,3,51
10/9/2022,2,3,45
10/10/2022,2,3,40
10/11/2022,2,3,36
10/12/2022,2,3,52
10/13/2022,2,3,51
10/14/2022,2,3,49
10/15/2022,2,3,77
10/16/2022,2,3,41
10/17/2022,2,3,48
10/18/2022,2,3,52
10/19/2022,2,3,54
10/20/2022,2,3,53
10/21/2022,2,3,63
10/22/2022,2,3,76
10/23/2022,2,3,44
10/24/2022,2,3,46
10/25/2022,2,3,54
10/26/2022,2,3,46
10/27/2022,2,3,53
10/28/2022,2,3,57
10/29/2022,2,3,61
10/30/2022,2,3,41
10/31/2022,2,3,50
11/1/2022,2,3,50
11/2/2022,2,3,63
11/3/2022,2,3,57
11/4/2022,2,3,70
11/5/2022,2,3,58
11/6/2022,2,3,33
11/7/2022,2,3,52
11/8/2022,2,3,55
11/9/2022,2,3,63
11/10/2022,2,3,57
11/11/2022,2,3,69
11/12/2022,2,3,78
11/13/2022,2,3,49
11/14/2022,2,3,43
11/15/2022,2,3,73
11/16/2022,2,3,53
11/17/2022,2,3,61
11/18/2022,2,3,72
11/19/2022,2,3,73
11/20/2022,2,3,41
11/21/2022,2,3,54
11/22/2022,2,3,61
11/23/2022,2,3,64
11/24/2022,2,3,52
11/25/2022,2,3,69
11/26/2022,2,3,65
11/27/2022,2,3,47
11/28/2022,2,3,61
11/29/2022,2,3,53
11/30/2022,2,3,64
12/1/2022,2,3,40
12/2/2022,2,3,52
12/3/2022,2,3,52
12/4/2022,2,3,35
12/5/2022,2,3,34
12/6/2022,2,3,30
12/7/2022,2,3,25
12/8/2022,2,3,44
12/9/2022,2,3,51
12/10/2022,2,3,56
12/11/2022,2,3,43
12/12/2022,2,3,38
12/13/2022,2,3,42
12/14/2022,2,3,50
12/15/2022,2,3,44
12/16/2022,2,3,66
12/17/2022,2,3,53
12/18/2022,2,3,39
12/19/2022,2,3,37
12/20/2022,2,3,39
12/21/2022,2,3,52
12/22/2022,2,3,39
12/23/2022,2,3,49
12/24/2022,2,3,42
12/25/2022,2,3,27
12/26/2022,2,3,48
12/27/2022,2,3,36
12/28/2022,2,3,40
12/29/2022,2,3,33
12/30/2022,2,3,35
12/31/2022,2,3,54
1/1/2018,3,3,26
1/2/2018,3,3,16
1/3/2018,3,3,17
1/4/2018,3,3,25
1/5/2018,3,3,34
1/6/2018,3,3,25
1/7/2018,3,3,21
1/8/2018,3,3,24
1/9/2018,3,3,21
1/10/2018,3,3,30
1/11/2018,3,3,23
1/12/2018,3,3,28
1/13/2018,3,3,35
1/14/2018,3,3,15
1/15/2018,3,3,29
1/16/2018,3,3,19
1/17/2018,3,3,27
1/18/2018,3,3,15
1/19/2018,3,3,30
1/20/2018,3,3,22
1/21/2018,3,3,21
1/22/2018,3,3,31
1/23/2018,3,3,20
1/24/2018,3,3,16
1/25/2018,3,3,31
1/26/2018,3,3,28
1/27/2018,3,3,29
1/28/2018,3,3,14
1/29/2018,3,3,20
1/30/2018,3,3,18
1/31/2018,3,3,38
2/1/2018,3,3,26
2/2/2018,3,3,21
2/3/2018,3,3,29
2/4/2018,3,3,21
2/5/2018,3,3,26
2/6/2018,3,3,21
2/7/2018,3,3,27
2/8/2018,3,3,24
2/9/2018,3,3,35
2/10/2018,3,3,29
2/11/2018,3,3,20
2/12/2018,3,3,27
2/13/2018,3,3,27
2/14/2018,3,3,27
2/15/2018,3,3,26
2/16/2018,3,3,35
2/17/2018,3,3,27
2/18/2018,3,3,18
2/19/2018,3,3,29
2/20/2018,3,3,34
2/21/2018,3,3,21
2/22/2018,3,3,20
2/23/2018,3,3,21
2/24/2018,3,3,38
2/25/2018,3,3,19
2/26/2018,3,3,21
2/27/2018,3,3,32
2/28/2018,3,3,35
3/1/2018,3,3,31
3/2/2018,3,3,35
3/3/2018,3,3,37
3/4/2018,3,3,25
3/5/2018,3,3,32
3/6/2018,3,3,23
3/7/2018,3,3,33
3/8/2018,3,3,25
3/9/2018,3,3,34
3/10/2018,3,3,36
3/11/2018,3,3,18
3/12/2018,3,3,25
3/13/2018,3,3,31
3/14/2018,3,3,27
3/15/2018,3,3,34
3/16/2018,3,3,33
3/17/2018,3,3,40
3/18/2018,3,3,27
3/19/2018,3,3,26
3/20/2018,3,3,30
3/21/2018,3,3,27
3/22/2018,3,3,35
3/23/2018,3,3,31
3/24/2018,3,3,32
3/25/2018,3,3,27
3/26/2018,3,3,26
3/27/2018,3,3,23
3/28/2018,3,3,29
3/29/2018,3,3,32
3/30/2018,3,3,31
3/31/2018,3,3,44
4/1/2018,3,3,27
4/2/2018,3,3,36
4/3/2018,3,3,32
4/4/2018,3,3,51
4/5/2018,3,3,34
4/6/2018,3,3,52
4/7/2018,3,3,40
4/8/2018,3,3,29
4/9/2018,3,3,30
4/10/2018,3,3,33
4/11/2018,3,3,26
4/12/2018,3,3,35
4/13/2018,3,3,51
4/14/2018,3,3,52
4/15/2018,3,3,23
4/16/2018,3,3,36
4/17/2018,3,3,38
4/18/2018,3,3,43
4/19/2018,3,3,34
4/20/2018,3,3,32
4/21/2018,3,3,49
4/22/2018,3,3,38
4/23/2018,3,3,37
4/24/2018,3,3,30
4/25/2018,3,3,36
4/26/2018,3,3,40
4/27/2018,3,3,40
4/28/2018,3,3,35
4/29/2018,3,3,22
4/30/2018,3,3,47
5/1/2018,3,3,46
5/2/2018,3,3,42
5/3/2018,3,3,43
5/4/2018,3,3,47
5/5/2018,3,3,44
5/6/2018,3,3,31
5/7/2018,3,3,39
5/8/2018,3,3,38
5/9/2018,3,3,47
5/10/2018,3,3,31
5/11/2018,3,3,48
5/12/2018,3,3,53
5/13/2018,3,3,29
5/14/2018,3,3,33
5/15/2018,3,3,38
5/16/2018,3,3,43
5/17/2018,3,3,41
5/18/2018,3,3,39
5/19/2018,3,3,37
5/20/2018,3,3,30
5/21/2018,3,3,36
5/22/2018,3,3,30
5/23/2018,3,3,30
5/24/2018,3,3,44
5/25/2018,3,3,54
5/26/2018,3,3,49
5/27/2018,3,3,32
5/28/2018,3,3,46
5/29/2018,3,3,33
5/30/2018,3,3,29
5/31/2018,3,3,39
6/1/2018,3,3,50
6/2/2018,3,3,64
6/3/2018,3,3,37
6/4/2018,3,3,33
6/5/2018,3,3,36
6/6/2018,3,3,45
6/7/2018,3,3,43
6/8/2018,3,3,40
6/9/2018,3,3,47
6/10/2018,3,3,35
6/11/2018,3,3,39
6/12/2018,3,3,45
6/13/2018,3,3,43
6/14/2018,3,3,49
6/15/2018,3,3,47
6/16/2018,3,3,37
6/17/2018,3,3,32
6/18/2018,3,3,34
6/19/2018,3,3,43
6/20/2018,3,3,42
6/21/2018,3,3,42
6/22/2018,3,3,50
6/23/2018,3,3,50
6/24/2018,3,3,38
6/25/2018,3,3,51
6/26/2018,3,3,43
6/27/2018,3,3,49
6/28/2018,3,3,25
6/29/2018,3,3,46
6/30/2018,3,3,49
7/1/2018,3,3,34
7/2/2018,3,3,43
7/3/2018,3,3,38
7/4/2018,3,3,48
7/5/2018,3,3,53
7/6/2018,3,3,44
7/7/2018,3,3,66
7/8/2018,3,3,48
7/9/2018,3,3,40
7/10/2018,3,3,39
7/11/2018,3,3,54
7/12/2018,3,3,41
7/13/2018,3,3,54
7/14/2018,3,3,52
7/15/2018,3,3,29
7/16/2018,3,3,41
7/17/2018,3,3,36
7/18/2018,3,3,47
7/19/2018,3,3,45
7/20/2018,3,3,58
7/21/2018,3,3,52
7/22/2018,3,3,36
7/23/2018,3,3,48
7/24/2018,3,3,48
7/25/2018,3,3,51
7/26/2018,3,3,38
7/27/2018,3,3,46
7/28/2018,3,3,40
7/29/2018,3,3,44
7/30/2018,3,3,30
7/31/2018,3,3,37
8/1/2018,3,3,46
8/2/2018,3,3,53
8/3/2018,3,3,36
8/4/2018,3,3,46
8/5/2018,3,3,36
8/6/2018,3,3,28
8/7/2018,3,3,38
8/8/2018,3,3,42
8/9/2018,3,3,43
8/10/2018,3,3,49
8/11/2018,3,3,44
8/12/2018,3,3,39
8/13/2018,3,3,36
8/14/2018,3,3,31
8/15/2018,3,3,42
8/16/2018,3,3,35
8/17/2018,3,3,45
8/18/2018,3,3,56
8/19/2018,3,3,40
8/20/2018,3,3,33
8/21/2018,3,3,36
8/22/2018,3,3,41
8/23/2018,3,3,41
8/24/2018,3,3,34
8/25/2018,3,3,44
8/26/2018,3,3,31
8/27/2018,3,3,48
8/28/2018,3,3,28
8/29/2018,3,3,37
8/30/2018,3,3,44
8/31/2018,3,3,34
9/1/2018,3,3,45
9/2/2018,3,3,28
9/3/2018,3,3,26
9/4/2018,3,3,28
9/5/2018,3,3,39
9/6/2018,3,3,37
9/7/2018,3,3,40
9/8/2018,3,3,39
9/9/2018,3,3,20
9/10/2018,3,3,33
9/11/2018,3,3,41
9/12/2018,3,3,20
9/13/2018,3,3,40
9/14/2018,3,3,42
9/15/2018,3,3,32
9/16/2018,3,3,29
9/17/2018,3,3,35
9/18/2018,3,3,29
9/19/2018,3,3,29
9/20/2018,3,3,34
9/21/2018,3,3,47
9/22/2018,3,3,41
9/23/2018,3,3,33
9/24/2018,3,3,37
9/25/2018,3,3,37
9/26/2018,3,3,42
9/27/2018,3,3,32
9/28/2018,3,3,44
9/29/2018,3,3,39
9/30/2018,3,3,34
10/1/2018,3,3,34
10/2/2018,3,3,31
10/3/2018,3,3,40
10/4/2018,3,3,41
10/5/2018,3,3,38
10/6/2018,3,3,37
10/7/2018,3,3,33
10/8/2018,3,3,37
10/9/2018,3,3,30
10/10/2018,3,3,36
10/11/2018,3,3,42
10/12/2018,3,3,37
10/13/2018,3,3,42
10/14/2018,3,3,25
10/15/2018,3,3,30
10/16/2018,3,3,28
10/17/2018,3,3,31
10/18/2018,3,3,28
10/19/2018,3,3,33
10/20/2018,3,3,35
10/21/2018,3,3,33
10/22/2018,3,3,28
10/23/2018,3,3,30
10/24/2018,3,3,35
10/25/2018,3,3,30
10/26/2018,3,3,37
10/27/2018,3,3,54
10/28/2018,3,3,29
10/29/2018,3,3,27
10/30/2018,3,3,27
10/31/2018,3,3,35
11/1/2018,3,3,37
11/2/2018,3,3,46
11/3/2018,3,3,40
11/4/2018,3,3,44
11/5/2018,3,3,32
11/6/2018,3,3,36
11/7/2018,3,3,37
11/8/2018,3,3,44
11/9/2018,3,3,46
11/10/2018,3,3,42
11/11/2018,3,3,29
11/12/2018,3,3,31
11/13/2018,3,3,43
11/14/2018,3,3,39
11/15/2018,3,3,28
11/16/2018,3,3,38
11/17/2018,3,3,38
11/18/2018,3,3,20
11/19/2018,3,3,30
11/20/2018,3,3,43
11/21/2018,3,3,35
11/22/2018,3,3,39
11/23/2018,3,3,47
11/24/2018,3,3,45
11/25/2018,3,3,20
11/26/2018,3,3,40
11/27/2018,3,3,35
11/28/2018,3,3,37
11/29/2018,3,3,40
11/30/2018,3,3,35
12/1/2018,3,3,28
12/2/2018,3,3,30
12/3/2018,3,3,20
12/4/2018,3,3,28
12/5/2018,3,3,20
12/6/2018,3,3,21
12/7/2018,3,3,24
12/8/2018,3,3,31
12/9/2018,3,3,20
12/10/2018,3,3,31
12/11/2018,3,3,25
12/12/2018,3,3,36
12/13/2018,3,3,21
12/14/2018,3,3,32
12/15/2018,3,3,30
12/16/2018,3,3,23
12/17/2018,3,3,25
12/18/2018,3,3,25
12/19/2018,3,3,29
12/20/2018,3,3,34
12/21/2018,3,3,30
12/22/2018,3,3,29
12/23/2018,3,3,17
12/24/2018,3,3,21
12/25/2018,3,3,31
12/26/2018,3,3,21
12/27/2018,3,3,28
12/28/2018,3,3,32
12/29/2018,3,3,29
12/30/2018,3,3,21
12/31/2018,3,3,23
1/1/2019,3,3,21
1/2/2019,3,3,22
1/3/2019,3,3,27
1/4/2019,3,3,35
1/5/2019,3,3,33
1/6/2019,3,3,20
1/7/2019,3,3,15
1/8/2019,3,3,22
1/9/2019,3,3,25
1/10/2019,3,3,32
1/11/2019,3,3,27
1/12/2019,3,3,37
1/13/2019,3,3,25
1/14/2019,3,3,27
1/15/2019,3,3,24
1/16/2019,3,3,31
1/17/2019,3,3,35
1/18/2019,3,3,37
1/19/2019,3,3,27
1/20/2019,3,3,16
1/21/2019,3,3,37
1/22/2019,3,3,28
1/23/2019,3,3,19
1/24/2019,3,3,34
1/25/2019,3,3,31
1/26/2019,3,3,26
1/27/2019,3,3,16
1/28/2019,3,3,20
1/29/2019,3,3,28
1/30/2019,3,3,30
1/31/2019,3,3,26
2/1/2019,3,3,33
2/2/2019,3,3,40
2/3/2019,3,3,24
2/4/2019,3,3,22
2/5/2019,3,3,24
2/6/2019,3,3,28
2/7/2019,3,3,42
2/8/2019,3,3,35
2/9/2019,3,3,35
2/10/2019,3,3,27
2/11/2019,3,3,23
2/12/2019,3,3,24
2/13/2019,3,3,29
2/14/2019,3,3,30
2/15/2019,3,3,32
2/16/2019,3,3,27
2/17/2019,3,3,23
2/18/2019,3,3,18
2/19/2019,3,3,30
2/20/2019,3,3,32
2/21/2019,3,3,42
2/22/2019,3,3,45
2/23/2019,3,3,43
2/24/2019,3,3,27
2/25/2019,3,3,27
2/26/2019,3,3,27
2/27/2019,3,3,27
2/28/2019,3,3,31
3/1/2019,3,3,40
3/2/2019,3,3,36
3/3/2019,3,3,25
3/4/2019,3,3,37
3/5/2019,3,3,28
3/6/2019,3,3,32
3/7/2019,3,3,38
3/8/2019,3,3,50
3/9/2019,3,3,58
3/10/2019,3,3,30
3/11/2019,3,3,29
3/12/2019,3,3,30
3/13/2019,3,3,28
3/14/2019,3,3,22
3/15/2019,3,3,40
3/16/2019,3,3,46
3/17/2019,3,3,27
3/18/2019,3,3,33
3/19/2019,3,3,36
3/20/2019,3,3,33
3/21/2019,3,3,41
3/22/2019,3,3,34
3/23/2019,3,3,62
3/24/2019,3,3,32
3/25/2019,3,3,26
3/26/2019,3,3,38
3/27/2019,3,3,34
3/28/2019,3,3,45
3/29/2019,3,3,54
3/30/2019,3,3,40
3/31/2019,3,3,23
4/1/2019,3,3,41
4/2/2019,3,3,42
4/3/2019,3,3,45
4/4/2019,3,3,41
4/5/2019,3,3,44
4/6/2019,3,3,51
4/7/2019,3,3,23
4/8/2019,3,3,46
4/9/2019,3,3,43
4/10/2019,3,3,32
4/11/2019,3,3,32
4/12/2019,3,3,51
4/13/2019,3,3,50
4/14/2019,3,3,31
4/15/2019,3,3,40
4/16/2019,3,3,41
4/17/2019,3,3,40
4/18/2019,3,3,37
4/19/2019,3,3,47
4/20/2019,3,3,56
4/21/2019,3,3,29
4/22/2019,3,3,38
4/23/2019,3,3,34
4/24/2019,3,3,43
4/25/2019,3,3,60
4/26/2019,3,3,49
4/27/2019,3,3,55
4/28/2019,3,3,35
4/29/2019,3,3,43
4/30/2019,3,3,36
5/1/2019,3,3,35
5/2/2019,3,3,43
5/3/2019,3,3,44
5/4/2019,3,3,52
5/5/2019,3,3,37
5/6/2019,3,3,50
5/7/2019,3,3,45
5/8/2019,3,3,43
5/9/2019,3,3,55
5/10/2019,3,3,57
5/11/2019,3,3,77
5/12/2019,3,3,33
5/13/2019,3,3,49
5/14/2019,3,3,35
5/15/2019,3,3,42
5/16/2019,3,3,53
5/17/2019,3,3,56
5/18/2019,3,3,66
5/19/2019,3,3,37
5/20/2019,3,3,41
5/21/2019,3,3,37
5/22/2019,3,3,41
5/23/2019,3,3,45
5/24/2019,3,3,52
5/25/2019,3,3,47
5/26/2019,3,3,41
5/27/2019,3,3,38
5/28/2019,3,3,43
5/29/2019,3,3,44
5/30/2019,3,3,52
5/31/2019,3,3,53
6/1/2019,3,3,69
6/2/2019,3,3,32
6/3/2019,3,3,42
6/4/2019,3,3,55
6/5/2019,3,3,45
6/6/2019,3,3,66
6/7/2019,3,3,56
6/8/2019,3,3,60
6/9/2019,3,3,43
6/10/2019,3,3,47
6/11/2019,3,3,47
6/12/2019,3,3,37
6/13/2019,3,3,63
6/14/2019,3,3,66
6/15/2019,3,3,69
6/16/2019,3,3,35
6/17/2019,3,3,42
6/18/2019,3,3,45
6/19/2019,3,3,50
6/20/2019,3,3,53
6/21/2019,3,3,47
6/22/2019,3,3,66
6/23/2019,3,3,28
6/24/2019,3,3,48
6/25/2019,3,3,44
6/26/2019,3,3,37
6/27/2019,3,3,41
6/28/2019,3,3,56
6/29/2019,3,3,51
6/30/2019,3,3,30
7/1/2019,3,3,46
7/2/2019,3,3,38
7/3/2019,3,3,44
7/4/2019,3,3,55
7/5/2019,3,3,65
7/6/2019,3,3,69
7/7/2019,3,3,42
7/8/2019,3,3,36
7/9/2019,3,3,50
7/10/2019,3,3,49
7/11/2019,3,3,51
7/12/2019,3,3,44
7/13/2019,3,3,66
7/14/2019,3,3,30
7/15/2019,3,3,43
7/16/2019,3,3,32
7/17/2019,3,3,59
7/18/2019,3,3,58
7/19/2019,3,3,73
7/20/2019,3,3,56
7/21/2019,3,3,51
7/22/2019,3,3,45
7/23/2019,3,3,43
7/24/2019,3,3,57
7/25/2019,3,3,55
7/26/2019,3,3,48
7/27/2019,3,3,53
7/28/2019,3,3,39
7/29/2019,3,3,34
7/30/2019,3,3,49
7/31/2019,3,3,61
8/1/2019,3,3,43
8/2/2019,3,3,38
8/3/2019,3,3,61
8/4/2019,3,3,34
8/5/2019,3,3,49
8/6/2019,3,3,41
8/7/2019,3,3,40
8/8/2019,3,3,49
8/9/2019,3,3,52
8/10/2019,3,3,56
8/11/2019,3,3,50
8/12/2019,3,3,42
8/13/2019,3,3,39
8/14/2019,3,3,36
8/15/2019,3,3,52
8/16/2019,3,3,74
8/17/2019,3,3,53
8/18/2019,3,3,37
8/19/2019,3,3,30
8/20/2019,3,3,63
8/21/2019,3,3,38
8/22/2019,3,3,52
8/23/2019,3,3,46
8/24/2019,3,3,61
8/25/2019,3,3,43
8/26/2019,3,3,59
8/27/2019,3,3,40
8/28/2019,3,3,48
8/29/2019,3,3,41
8/30/2019,3,3,53
8/31/2019,3,3,58
9/1/2019,3,3,42
9/2/2019,3,3,48
9/3/2019,3,3,37
9/4/2019,3,3,44
9/5/2019,3,3,44
9/6/2019,3,3,36
9/7/2019,3,3,49
9/8/2019,3,3,32
9/9/2019,3,3,37
9/10/2019,3,3,42
9/11/2019,3,3,44
9/12/2019,3,3,39
9/13/2019,3,3,46
9/14/2019,3,3,58
9/15/2019,3,3,27
9/16/2019,3,3,38
9/17/2019,3,3,51
9/18/2019,3,3,48
9/19/2019,3,3,39
9/20/2019,3,3,47
9/21/2019,3,3,43
9/22/2019,3,3,31
9/23/2019,3,3,24
9/24/2019,3,3,44
9/25/2019,3,3,44
9/26/2019,3,3,58
9/27/2019,3,3,50
9/28/2019,3,3,51
9/29/2019,3,3,27
9/30/2019,3,3,41
10/1/2019,3,3,25
10/2/2019,3,3,39
10/3/2019,3,3,38
10/4/2019,3,3,45
10/5/2019,3,3,52
10/6/2019,3,3,27
10/7/2019,3,3,49
10/8/2019,3,3,29
10/9/2019,3,3,41
10/10/2019,3,3,43
10/11/2019,3,3,57
10/12/2019,3,3,51
10/13/2019,3,3,31
10/14/2019,3,3,34
10/15/2019,3,3,24
10/16/2019,3,3,40
10/17/2019,3,3,30
10/18/2019,3,3,55
10/19/2019,3,3,44
10/20/2019,3,3,37
10/21/2019,3,3,29
10/22/2019,3,3,40
10/23/2019,3,3,39
10/24/2019,3,3,46
10/25/2019,3,3,43
10/26/2019,3,3,43
10/27/2019,3,3,40
10/28/2019,3,3,37
10/29/2019,3,3,39
10/30/2019,3,3,37
10/31/2019,3,3,39
11/1/2019,3,3,46
11/2/2019,3,3,57
11/3/2019,3,3,50
11/4/2019,3,3,36
11/5/2019,3,3,44
11/6/2019,3,3,40
11/7/2019,3,3,45
11/8/2019,3,3,54
11/9/2019,3,3,42
11/10/2019,3,3,35
11/11/2019,3,3,34
11/12/2019,3,3,43
11/13/2019,3,3,46
11/14/2019,3,3,43
11/15/2019,3,3,47
11/16/2019,3,3,41
11/17/2019,3,3,32
11/18/2019,3,3,39
11/19/2019,3,3,31
11/20/2019,3,3,43
11/21/2019,3,3,41
11/22/2019,3,3,35
11/23/2019,3,3,46
11/24/2019,3,3,28
11/25/2019,3,3,36
11/26/2019,3,3,43
11/27/2019,3,3,35
11/28/2019,3,3,39
11/29/2019,3,3,54
11/30/2019,3,3,44
12/1/2019,3,3,24
12/2/2019,3,3,30
12/3/2019,3,3,29
12/4/2019,3,3,26
12/5/2019,3,3,27
12/6/2019,3,3,25
12/7/2019,3,3,43
12/8/2019,3,3,23
12/9/2019,3,3,31
12/10/2019,3,3,26
12/11/2019,3,3,30
12/12/2019,3,3,30
12/13/2019,3,3,38
12/14/2019,3,3,26
12/15/2019,3,3,17
12/16/2019,3,3,35
12/17/2019,3,3,32
12/18/2019,3,3,38
12/19/2019,3,3,35
12/20/2019,3,3,44
12/21/2019,3,3,32
12/22/2019,3,3,22
12/23/2019,3,3,30
12/24/2019,3,3,27
12/25/2019,3,3,33
12/26/2019,3,3,32
12/27/2019,3,3,30
12/28/2019,3,3,39
12/29/2019,3,3,22
12/30/2019,3,3,39
12/31/2019,3,3,28
1/1/2020,3,3,36
1/2/2020,3,3,35
1/3/2020,3,3,34
1/4/2020,3,3,28
1/5/2020,3,3,29
1/6/2020,3,3,22
1/7/2020,3,3,39
1/8/2020,3,3,29
1/9/2020,3,3,27
1/10/2020,3,3,24
1/11/2020,3,3,19
1/12/2020,3,3,38
1/13/2020,3,3,20
1/14/2020,3,3,31
1/15/2020,3,3,15
1/16/2020,3,3,32
1/17/2020,3,3,34
1/18/2020,3,3,35
1/19/2020,3,3,17
1/20/2020,3,3,27
1/21/2020,3,3,31
1/22/2020,3,3,32
1/23/2020,3,3,27
1/24/2020,3,3,31
1/25/2020,3,3,32
1/26/2020,3,3,24
1/27/2020,3,3,25
1/28/2020,3,3,37
1/29/2020,3,3,29
1/30/2020,3,3,30
1/31/2020,3,3,27
2/1/2020,3,3,34
2/2/2020,3,3,24
2/3/2020,3,3,30
2/4/2020,3,3,29
2/5/2020,3,3,24
2/6/2020,3,3,28
2/7/2020,3,3,24
2/8/2020,3,3,40
2/9/2020,3,3,42
2/10/2020,3,3,34
2/11/2020,3,3,19
2/12/2020,3,3,28
2/13/2020,3,3,33
2/14/2020,3,3,36
2/15/2020,3,3,31
2/16/2020,3,3,28
2/17/2020,3,3,36
2/18/2020,3,3,27
2/19/2020,3,3,24
2/20/2020,3,3,37
2/21/2020,3,3,45
2/22/2020,3,3,26
2/23/2020,3,3,30
2/24/2020,3,3,30
2/25/2020,3,3,37
2/26/2020,3,3,37
2/27/2020,3,3,28
2/28/2020,3,3,31
3/1/2020,3,3,48
3/2/2020,3,3,33
3/3/2020,3,3,31
3/4/2020,3,3,33
3/5/2020,3,3,44
3/6/2020,3,3,36
3/7/2020,3,3,52
3/8/2020,3,3,47
3/9/2020,3,3,18
3/10/2020,3,3,34
3/11/2020,3,3,36
3/12/2020,3,3,44
3/13/2020,3,3,52
3/14/2020,3,3,37
3/15/2020,3,3,52
3/16/2020,3,3,26
3/17/2020,3,3,19
3/18/2020,3,3,29
3/19/2020,3,3,31
3/20/2020,3,3,43
3/21/2020,3,3,49
3/22/2020,3,3,52
3/23/2020,3,3,30
3/24/2020,3,3,34
3/25/2020,3,3,31
3/26/2020,3,3,28
3/27/2020,3,3,38
3/28/2020,3,3,48
3/29/2020,3,3,47
3/30/2020,3,3,35
3/31/2020,3,3,35
4/1/2020,3,3,49
4/2/2020,3,3,39
4/3/2020,3,3,47
4/4/2020,3,3,49
4/5/2020,3,3,42
4/6/2020,3,3,49
4/7/2020,3,3,41
4/8/2020,3,3,51
4/9/2020,3,3,50
4/10/2020,3,3,61
4/11/2020,3,3,45
4/12/2020,3,3,50
4/13/2020,3,3,43
4/14/2020,3,3,39
4/15/2020,3,3,39
4/16/2020,3,3,47
4/17/2020,3,3,52
4/18/2020,3,3,57
4/19/2020,3,3,62
4/20/2020,3,3,42
4/21/2020,3,3,34
4/22/2020,3,3,28
4/23/2020,3,3,37
4/24/2020,3,3,52
4/25/2020,3,3,50
4/26/2020,3,3,55
4/27/2020,3,3,29
4/28/2020,3,3,32
4/29/2020,3,3,39
4/30/2020,3,3,31
5/1/2020,3,3,45
5/2/2020,3,3,49
5/3/2020,3,3,52
5/4/2020,3,3,45
5/5/2020,3,3,44
5/6/2020,3,3,37
5/7/2020,3,3,48
5/8/2020,3,3,46
5/9/2020,3,3,52
5/10/2020,3,3,49
5/11/2020,3,3,35
5/12/2020,3,3,43
5/13/2020,3,3,41
5/14/2020,3,3,60
5/15/2020,3,3,48
5/16/2020,3,3,51
5/17/2020,3,3,50
5/18/2020,3,3,44
5/19/2020,3,3,54
5/20/2020,3,3,37
5/21/2020,3,3,54
5/22/2020,3,3,44
5/23/2020,3,3,53
5/24/2020,3,3,57
5/25/2020,3,3,45
5/26/2020,3,3,46
5/27/2020,3,3,40
5/28/2020,3,3,37
5/29/2020,3,3,64
5/30/2020,3,3,42
5/31/2020,3,3,53
6/1/2020,3,3,49
6/2/2020,3,3,54
6/3/2020,3,3,62
6/4/2020,3,3,54
6/5/2020,3,3,51
6/6/2020,3,3,62
6/7/2020,3,3,58
6/8/2020,3,3,45
6/9/2020,3,3,60
6/10/2020,3,3,45
6/11/2020,3,3,46
6/12/2020,3,3,50
6/13/2020,3,3,60
6/14/2020,3,3,72
6/15/2020,3,3,31
6/16/2020,3,3,48
6/17/2020,3,3,38
6/18/2020,3,3,56
6/19/2020,3,3,51
6/20/2020,3,3,57
6/21/2020,3,3,48
6/22/2020,3,3,51
6/23/2020,3,3,53
6/24/2020,3,3,52
6/25/2020,3,3,45
6/26/2020,3,3,54
6/27/2020,3,3,47
6/28/2020,3,3,59
6/29/2020,3,3,42
6/30/2020,3,3,48
7/1/2020,3,3,44
7/2/2020,3,3,37
7/3/2020,3,3,52
7/4/2020,3,3,59
7/5/2020,3,3,58
7/6/2020,3,3,51
7/7/2020,3,3,61
7/8/2020,3,3,52
7/9/2020,3,3,44
7/10/2020,3,3,55
7/11/2020,3,3,55
7/12/2020,3,3,62
7/13/2020,3,3,45
7/14/2020,3,3,43
7/15/2020,3,3,64
7/16/2020,3,3,43
7/17/2020,3,3,59
7/18/2020,3,3,48
7/19/2020,3,3,71
7/20/2020,3,3,46
7/21/2020,3,3,43
7/22/2020,3,3,67
7/23/2020,3,3,42
7/24/2020,3,3,61
7/25/2020,3,3,71
7/26/2020,3,3,64
7/27/2020,3,3,51
7/28/2020,3,3,58
7/29/2020,3,3,51
7/30/2020,3,3,51
7/31/2020,3,3,53
8/1/2020,3,3,45
8/2/2020,3,3,64
8/3/2020,3,3,41
8/4/2020,3,3,39
8/5/2020,3,3,43
8/6/2020,3,3,51
8/7/2020,3,3,57
8/8/2020,3,3,49
8/9/2020,3,3,53
8/10/2020,3,3,46
8/11/2020,3,3,40
8/12/2020,3,3,30
8/13/2020,3,3,55
8/14/2020,3,3,49
8/15/2020,3,3,54
8/16/2020,3,3,62
8/17/2020,3,3,31
8/18/2020,3,3,43
8/19/2020,3,3,43
8/20/2020,3,3,49
8/21/2020,3,3,59
8/22/2020,3,3,53
8/23/2020,3,3,70
8/24/2020,3,3,43
8/25/2020,3,3,30
8/26/2020,3,3,44
8/27/2020,3,3,52
8/28/2020,3,3,55
8/29/2020,3,3,53
8/30/2020,3,3,55
8/31/2020,3,3,34
9/1/2020,3,3,37
9/2/2020,3,3,51
9/3/2020,3,3,43
9/4/2020,3,3,37
9/5/2020,3,3,55
9/6/2020,3,3,57
9/7/2020,3,3,33
9/8/2020,3,3,46
9/9/2020,3,3,39
9/10/2020,3,3,46
9/11/2020,3,3,43
9/12/2020,3,3,59
9/13/2020,3,3,62
9/14/2020,3,3,49
9/15/2020,3,3,52
9/16/2020,3,3,44
9/17/2020,3,3,48
9/18/2020,3,3,60
9/19/2020,3,3,59
9/20/2020,3,3,51
9/21/2020,3,3,31
9/22/2020,3,3,38
9/23/2020,3,3,45
9/24/2020,3,3,43
9/25/2020,3,3,44
9/26/2020,3,3,51
9/27/2020,3,3,46
9/28/2020,3,3,32
9/29/2020,3,3,40
9/30/2020,3,3,41
10/1/2020,3,3,37
10/2/2020,3,3,48
10/3/2020,3,3,40
10/4/2020,3,3,49
10/5/2020,3,3,36
10/6/2020,3,3,37
10/7/2020,3,3,37
10/8/2020,3,3,38
10/9/2020,3,3,48
10/10/2020,3,3,41
10/11/2020,3,3,56
10/12/2020,3,3,27
10/13/2020,3,3,28
10/14/2020,3,3,38
10/15/2020,3,3,29
10/16/2020,3,3,39
10/17/2020,3,3,44
10/18/2020,3,3,46
10/19/2020,3,3,44
10/20/2020,3,3,34
10/21/2020,3,3,28
10/22/2020,3,3,47
10/23/2020,3,3,51
10/24/2020,3,3,39
10/25/2020,3,3,58
10/26/2020,3,3,29
10/27/2020,3,3,36
10/28/2020,3,3,37
10/29/2020,3,3,49
10/30/2020,3,3,52
10/31/2020,3,3,44
11/1/2020,3,3,49
11/2/2020,3,3,38
11/3/2020,3,3,47
11/4/2020,3,3,51
11/5/2020,3,3,45
11/6/2020,3,3,45
11/7/2020,3,3,58
11/8/2020,3,3,44
11/9/2020,3,3,29
11/10/2020,3,3,36
11/11/2020,3,3,36
11/12/2020,3,3,43
11/13/2020,3,3,45
11/14/2020,3,3,48
11/15/2020,3,3,53
11/16/2020,3,3,38
11/17/2020,3,3,42
11/18/2020,3,3,40
11/19/2020,3,3,55
11/20/2020,3,3,51
11/21/2020,3,3,48
11/22/2020,3,3,52
11/23/2020,3,3,29
11/24/2020,3,3,40
11/25/2020,3,3,47
11/26/2020,3,3,41
11/27/2020,3,3,61
11/28/2020,3,3,46
11/29/2020,3,3,51
11/30/2020,3,3,32
12/1/2020,3,3,32
12/2/2020,3,3,24
12/3/2020,3,3,30
12/4/2020,3,3,44
12/5/2020,3,3,46
12/6/2020,3,3,37
12/7/2020,3,3,25
12/8/2020,3,3,28
12/9/2020,3,3,30
12/10/2020,3,3,23
12/11/2020,3,3,33
12/12/2020,3,3,29
12/13/2020,3,3,26
12/14/2020,3,3,33
12/15/2020,3,3,33
12/16/2020,3,3,35
12/17/2020,3,3,15
12/18/2020,3,3,34
12/19/2020,3,3,39
12/20/2020,3,3,42
12/21/2020,3,3,25
12/22/2020,3,3,31
12/23/2020,3,3,22
12/24/2020,3,3,29
12/25/2020,3,3,36
12/26/2020,3,3,32
12/27/2020,3,3,29
12/28/2020,3,3,24
12/29/2020,3,3,34
12/30/2020,3,3,27
12/31/2020,3,3,26
1/1/2021,3,3,32
1/2/2021,3,3,24
1/3/2021,3,3,27
1/4/2021,3,3,28
1/5/2021,3,3,26
1/6/2021,3,3,44
1/7/2021,3,3,27
1/8/2021,3,3,37
1/9/2021,3,3,30
1/10/2021,3,3,40
1/11/2021,3,3,27
1/12/2021,3,3,33
1/13/2021,3,3,37
1/14/2021,3,3,25
1/15/2021,3,3,23
1/16/2021,3,3,46
1/17/2021,3,3,27
1/18/2021,3,3,19
1/19/2021,3,3,33
1/20/2021,3,3,26
1/21/2021,3,3,25
1/22/2021,3,3,31
1/23/2021,3,3,29
1/24/2021,3,3,37
1/25/2021,3,3,20
1/26/2021,3,3,28
1/27/2021,3,3,33
1/28/2021,3,3,38
1/29/2021,3,3,40
1/30/2021,3,3,37
1/31/2021,3,3,36
2/1/2021,3,3,32
2/2/2021,3,3,23
2/3/2021,3,3,28
2/4/2021,3,3,31
2/5/2021,3,3,46
2/6/2021,3,3,35
2/7/2021,3,3,36
2/8/2021,3,3,17
2/9/2021,3,3,30
2/10/2021,3,3,31
2/11/2021,3,3,34
2/12/2021,3,3,39
2/13/2021,3,3,37
2/14/2021,3,3,49
2/15/2021,3,3,26
2/16/2021,3,3,29
2/17/2021,3,3,32
2/18/2021,3,3,25
2/19/2021,3,3,40
2/20/2021,3,3,39
2/21/2021,3,3,45
2/22/2021,3,3,27
2/23/2021,3,3,34
2/24/2021,3,3,26
2/25/2021,3,3,38
2/26/2021,3,3,23
2/27/2021,3,3,44
2/28/2021,3,3,41
2/29/2021,3,3,22
3/1/2021,3,3,41
3/2/2021,3,3,48
3/3/2021,3,3,39
3/4/2021,3,3,37
3/5/2021,3,3,48
3/6/2021,3,3,49
3/7/2021,3,3,38
3/8/2021,3,3,32
3/9/2021,3,3,39
3/10/2021,3,3,35
3/11/2021,3,3,40
3/12/2021,3,3,44
3/13/2021,3,3,48
3/14/2021,3,3,30
3/15/2021,3,3,41
3/16/2021,3,3,31
3/17/2021,3,3,38
3/18/2021,3,3,34
3/19/2021,3,3,52
3/20/2021,3,3,37
3/21/2021,3,3,32
3/22/2021,3,3,41
3/23/2021,3,3,43
3/24/2021,3,3,40
3/25/2021,3,3,34
3/26/2021,3,3,42
3/27/2021,3,3,51
3/28/2021,3,3,36
3/29/2021,3,3,37
3/30/2021,3,3,44
3/31/2021,3,3,37
4/1/2021,3,3,48
4/2/2021,3,3,45
4/3/2021,3,3,52
4/4/2021,3,3,36
4/5/2021,3,3,31
4/6/2021,3,3,38
4/7/2021,3,3,48
4/8/2021,3,3,44
4/9/2021,3,3,50
4/10/2021,3,3,72
4/11/2021,3,3,41
4/12/2021,3,3,42
4/13/2021,3,3,56
4/14/2021,3,3,59
4/15/2021,3,3,52
4/16/2021,3,3,42
4/17/2021,3,3,52
4/18/2021,3,3,36
4/19/2021,3,3,41
4/20/2021,3,3,44
4/21/2021,3,3,45
4/22/2021,3,3,55
4/23/2021,3,3,48
4/24/2021,3,3,57
4/25/2021,3,3,37
4/26/2021,3,3,34
4/27/2021,3,3,40
4/28/2021,3,3,44
4/29/2021,3,3,49
4/30/2021,3,3,57
5/1/2021,3,3,69
5/2/2021,3,3,35
5/3/2021,3,3,58
5/4/2021,3,3,50
5/5/2021,3,3,46
5/6/2021,3,3,57
5/7/2021,3,3,50
5/8/2021,3,3,68
5/9/2021,3,3,28
5/10/2021,3,3,52
5/11/2021,3,3,43
5/12/2021,3,3,62
5/13/2021,3,3,47
5/14/2021,3,3,58
5/15/2021,3,3,64
5/16/2021,3,3,39
5/17/2021,3,3,64
5/18/2021,3,3,51
5/19/2021,3,3,49
5/20/2021,3,3,48
5/21/2021,3,3,59
5/22/2021,3,3,53
5/23/2021,3,3,42
5/24/2021,3,3,58
5/25/2021,3,3,57
5/26/2021,3,3,51
5/27/2021,3,3,34
5/28/2021,3,3,46
5/29/2021,3,3,63
5/30/2021,3,3,39
5/31/2021,3,3,47
6/1/2021,3,3,55
6/2/2021,3,3,56
6/3/2021,3,3,55
6/4/2021,3,3,67
6/5/2021,3,3,75
6/6/2021,3,3,37
6/7/2021,3,3,52
6/8/2021,3,3,44
6/9/2021,3,3,67
6/10/2021,3,3,58
6/11/2021,3,3,58
6/12/2021,3,3,54
6/13/2021,3,3,39
6/14/2021,3,3,48
6/15/2021,3,3,62
6/16/2021,3,3,53
6/17/2021,3,3,69
6/18/2021,3,3,61
6/19/2021,3,3,59
6/20/2021,3,3,36
6/21/2021,3,3,49
6/22/2021,3,3,30
6/23/2021,3,3,54
6/24/2021,3,3,48
6/25/2021,3,3,65
6/26/2021,3,3,50
6/27/2021,3,3,42
6/28/2021,3,3,57
6/29/2021,3,3,53
6/30/2021,3,3,41
7/1/2021,3,3,58
7/2/2021,3,3,67
7/3/2021,3,3,68
7/4/2021,3,3,38
7/5/2021,3,3,48
7/6/2021,3,3,46
7/7/2021,3,3,51
7/8/2021,3,3,64
7/9/2021,3,3,59
7/10/2021,3,3,60
7/11/2021,3,3,41
7/12/2021,3,3,69
7/13/2021,3,3,59
7/14/2021,3,3,55
7/15/2021,3,3,57
7/16/2021,3,3,59
7/17/2021,3,3,67
7/18/2021,3,3,41
7/19/2021,3,3,69
7/20/2021,3,3,59
7/21/2021,3,3,65
7/22/2021,3,3,66
7/23/2021,3,3,64
7/24/2021,3,3,76
7/25/2021,3,3,42
7/26/2021,3,3,48
7/27/2021,3,3,48
7/28/2021,3,3,55
7/29/2021,3,3,75
7/30/2021,3,3,61
7/31/2021,3,3,67
8/1/2021,3,3,37
8/2/2021,3,3,48
8/3/2021,3,3,49
8/4/2021,3,3,36
8/5/2021,3,3,44
8/6/2021,3,3,63
8/7/2021,3,3,55
8/8/2021,3,3,39
8/9/2021,3,3,43
8/10/2021,3,3,56
8/11/2021,3,3,50
8/12/2021,3,3,54
8/13/2021,3,3,53
8/14/2021,3,3,62
8/15/2021,3,3,34
8/16/2021,3,3,31
8/17/2021,3,3,48
8/18/2021,3,3,50
8/19/2021,3,3,51
8/20/2021,3,3,63
8/21/2021,3,3,57
8/22/2021,3,3,32
8/23/2021,3,3,49
8/24/2021,3,3,51
8/25/2021,3,3,37
8/26/2021,3,3,42
8/27/2021,3,3,64
8/28/2021,3,3,59
8/29/2021,3,3,44
8/30/2021,3,3,36
8/31/2021,3,3,42
9/1/2021,3,3,43
9/2/2021,3,3,36
9/3/2021,3,3,60
9/4/2021,3,3,52
9/5/2021,3,3,44
9/6/2021,3,3,57
9/7/2021,3,3,40
9/8/2021,3,3,45
9/9/2021,3,3,43
9/10/2021,3,3,54
9/11/2021,3,3,54
9/12/2021,3,3,31
9/13/2021,3,3,44
9/14/2021,3,3,50
9/15/2021,3,3,53
9/16/2021,3,3,53
9/17/2021,3,3,49
9/18/2021,3,3,68
9/19/2021,3,3,41
9/20/2021,3,3,57
9/21/2021,3,3,38
9/22/2021,3,3,37
9/23/2021,3,3,50
9/24/2021,3,3,44
9/25/2021,3,3,56
9/26/2021,3,3,37
9/27/2021,3,3,55
9/28/2021,3,3,55
9/29/2021,3,3,35
9/30/2021,3,3,49
10/1/2021,3,3,51
10/2/2021,3,3,57
10/3/2021,3,3,36
10/4/2021,3,3,38
10/5/2021,3,3,48
10/6/2021,3,3,40
10/7/2021,3,3,45
10/8/2021,3,3,42
10/9/2021,3,3,55
10/10/2021,3,3,37
10/11/2021,3,3,46
10/12/2021,3,3,34
10/13/2021,3,3,42
10/14/2021,3,3,53
10/15/2021,3,3,41
10/16/2021,3,3,58
10/17/2021,3,3,29
10/18/2021,3,3,44
10/19/2021,3,3,49
10/20/2021,3,3,51
10/21/2021,3,3,40
10/22/2021,3,3,47
10/23/2021,3,3,47
10/24/2021,3,3,28
10/25/2021,3,3,38
10/26/2021,3,3,46
10/27/2021,3,3,52
10/28/2021,3,3,47
10/29/2021,3,3,69
10/30/2021,3,3,50
10/31/2021,3,3,33
11/1/2021,3,3,50
11/2/2021,3,3,41
11/3/2021,3,3,44
11/4/2021,3,3,46
11/5/2021,3,3,49
11/6/2021,3,3,61
11/7/2021,3,3,41
11/8/2021,3,3,47
11/9/2021,3,3,43
11/10/2021,3,3,46
11/11/2021,3,3,42
11/12/2021,3,3,61
11/13/2021,3,3,58
11/14/2021,3,3,35
11/15/2021,3,3,54
11/16/2021,3,3,33
11/17/2021,3,3,39
11/18/2021,3,3,46
11/19/2021,3,3,51
11/20/2021,3,3,64
11/21/2021,3,3,42
11/22/2021,3,3,47
11/23/2021,3,3,39
11/24/2021,3,3,39
11/25/2021,3,3,51
11/26/2021,3,3,49
11/27/2021,3,3,48
11/28/2021,3,3,31
11/29/2021,3,3,44
11/30/2021,3,3,37
12/1/2021,3,3,19
12/2/2021,3,3,31
12/3/2021,3,3,37
12/4/2021,3,3,47
12/5/2021,3,3,28
12/6/2021,3,3,44
12/7/2021,3,3,27
12/8/2021,3,3,34
12/9/2021,3,3,31
12/10/2021,3,3,45
12/11/2021,3,3,31
12/12/2021,3,3,31
12/13/2021,3,3,28
12/14/2021,3,3,23
12/15/2021,3,3,33
12/16/2021,3,3,29
12/17/2021,3,3,39
12/18/2021,3,3,43
12/19/2021,3,3,22
12/20/2021,3,3,40
12/21/2021,3,3,39
12/22/2021,3,3,34
12/23/2021,3,3,38
12/24/2021,3,3,36
12/25/2021,3,3,49
12/26/2021,3,3,35
12/27/2021,3,3,37
12/28/2021,3,3,35
12/29/2021,3,3,29
12/30/2021,3,3,43
12/31/2021,3,3,42
1/1/2022,3,3,42
1/2/2022,3,3,28
1/3/2022,3,3,26
1/4/2022,3,3,28
1/5/2022,3,3,38
1/6/2022,3,3,22
1/7/2022,3,3,41
1/8/2022,3,3,40
1/9/2022,3,3,24
1/10/2022,3,3,46
1/11/2022,3,3,27
1/12/2022,3,3,26
1/13/2022,3,3,33
1/14/2022,3,3,39
1/15/2022,3,3,46
1/16/2022,3,3,25
1/17/2022,3,3,29
1/18/2022,3,3,28
1/19/2022,3,3,31
1/20/2022,3,3,45
1/21/2022,3,3,36
1/22/2022,3,3,36
1/23/2022,3,3,25
1/24/2022,3,3,30
1/25/2022,3,3,32
1/26/2022,3,3,33
1/27/2022,3,3,39
1/28/2022,3,3,27
1/29/2022,3,3,37
1/30/2022,3,3,23
1/31/2022,3,3,32
2/1/2022,3,3,35
2/2/2022,3,3,37
2/3/2022,3,3,36
2/4/2022,3,3,48
2/5/2022,3,3,44
2/6/2022,3,3,25
2/7/2022,3,3,38
2/8/2022,3,3,34
2/9/2022,3,3,43
2/10/2022,3,3,31
2/11/2022,3,3,49
2/12/2022,3,3,45
2/13/2022,3,3,23
2/14/2022,3,3,30
2/15/2022,3,3,33
2/16/2022,3,3,48
2/17/2022,3,3,38
2/18/2022,3,3,47
2/19/2022,3,3,33
2/20/2022,3,3,23
2/21/2022,3,3,41
2/22/2022,3,3,23
2/23/2022,3,3,28
2/24/2022,3,3,32
2/25/2022,3,3,34
2/26/2022,3,3,24
2/27/2022,3,3,31
2/28/2022,3,3,33
3/1/2022,3,3,36
3/2/2022,3,3,42
3/3/2022,3,3,37
3/4/2022,3,3,46
3/5/2022,3,3,47
3/6/2022,3,3,33
3/7/2022,3,3,43
3/8/2022,3,3,49
3/9/2022,3,3,49
3/10/2022,3,3,53
3/11/2022,3,3,50
3/12/2022,3,3,45
3/13/2022,3,3,30
3/14/2022,3,3,45
3/15/2022,3,3,36
3/16/2022,3,3,40
3/17/2022,3,3,39
3/18/2022,3,3,57
3/19/2022,3,3,65
3/20/2022,3,3,44
3/21/2022,3,3,52
3/22/2022,3,3,33
3/23/2022,3,3,38
3/24/2022,3,3,47
3/25/2022,3,3,48
3/26/2022,3,3,57
3/27/2022,3,3,31
3/28/2022,3,3,49
3/29/2022,3,3,37
3/30/2022,3,3,51
3/31/2022,3,3,54
4/1/2022,3,3,53
4/2/2022,3,3,56
4/3/2022,3,3,39
4/4/2022,3,3,55
4/5/2022,3,3,51
4/6/2022,3,3,51
4/7/2022,3,3,64
4/8/2022,3,3,48
4/9/2022,3,3,61
4/10/2022,3,3,42
4/11/2022,3,3,49
4/12/2022,3,3,44
4/13/2022,3,3,45
4/14/2022,3,3,52
4/15/2022,3,3,58
4/16/2022,3,3,58
4/17/2022,3,3,43
4/18/2022,3,3,62
4/19/2022,3,3,38
4/20/2022,3,3,55
4/21/2022,3,3,56
4/22/2022,3,3,67
4/23/2022,3,3,56
4/24/2022,3,3,41
4/25/2022,3,3,28
4/26/2022,3,3,54
4/27/2022,3,3,51
4/28/2022,3,3,50
4/29/2022,3,3,59
4/30/2022,3,3,62
5/1/2022,3,3,36
5/2/2022,3,3,39
5/3/2022,3,3,52
5/4/2022,3,3,44
5/5/2022,3,3,57
5/6/2022,3,3,66
5/7/2022,3,3,67
5/8/2022,3,3,41
5/9/2022,3,3,47
5/10/2022,3,3,43
5/11/2022,3,3,50
5/12/2022,3,3,50
5/13/2022,3,3,63
5/14/2022,3,3,60
5/15/2022,3,3,53
5/16/2022,3,3,61
5/17/2022,3,3,61
5/18/2022,3,3,49
5/19/2022,3,3,61
5/20/2022,3,3,63
5/21/2022,3,3,66
5/22/2022,3,3,54
5/23/2022,3,3,35
5/24/2022,3,3,53
5/25/2022,3,3,56
5/26/2022,3,3,66
5/27/2022,3,3,58
5/28/2022,3,3,66
5/29/2022,3,3,39
5/30/2022,3,3,51
5/31/2022,3,3,50
6/1/2022,3,3,51
6/2/2022,3,3,45
6/3/2022,3,3,57
6/4/2022,3,3,76
6/5/2022,3,3,46
6/6/2022,3,3,51
6/7/2022,3,3,51
6/8/2022,3,3,49
6/9/2022,3,3,76
6/10/2022,3,3,58
6/11/2022,3,3,60
6/12/2022,3,3,41
6/13/2022,3,3,51
6/14/2022,3,3,54
6/15/2022,3,3,73
6/16/2022,3,3,58
6/17/2022,3,3,59
6/18/2022,3,3,73
6/19/2022,3,3,49
6/20/2022,3,3,53
6/21/2022,3,3,49
6/22/2022,3,3,54
6/23/2022,3,3,60
6/24/2022,3,3,58
6/25/2022,3,3,56
6/26/2022,3,3,46
6/27/2022,3,3,58
6/28/2022,3,3,72
6/29/2022,3,3,50
6/30/2022,3,3,59
7/1/2022,3,3,64
7/2/2022,3,3,79
7/3/2022,3,3,59
7/4/2022,3,3,65
7/5/2022,3,3,60
7/6/2022,3,3,67
7/7/2022,3,3,73
7/8/2022,3,3,58
7/9/2022,3,3,64
7/10/2022,3,3,48
7/11/2022,3,3,70
7/12/2022,3,3,58
7/13/2022,3,3,49
7/14/2022,3,3,64
7/15/2022,3,3,62
7/16/2022,3,3,62
7/17/2022,3,3,42
7/18/2022,3,3,51
7/19/2022,3,3,52
7/20/2022,3,3,64
7/21/2022,3,3,61
7/22/2022,3,3,62
7/23/2022,3,3,73
7/24/2022,3,3,43
7/25/2022,3,3,52
7/26/2022,3,3,55
7/27/2022,3,3,58
7/28/2022,3,3,63
7/29/2022,3,3,58
7/30/2022,3,3,76
7/31/2022,3,3,38
8/1/2022,3,3,50
8/2/2022,3,3,46
8/3/2022,3,3,31
8/4/2022,3,3,61
8/5/2022,3,3,61
8/6/2022,3,3,50
8/7/2022,3,3,39
8/8/2022,3,3,50
8/9/2022,3,3,51
8/10/2022,3,3,48
8/11/2022,3,3,54
8/12/2022,3,3,65
8/13/2022,3,3,49
8/14/2022,3,3,40
8/15/2022,3,3,53
8/16/2022,3,3,49
8/17/2022,3,3,48
8/18/2022,3,3,59
8/19/2022,3,3,65
8/20/2022,3,3,58
8/21/2022,3,3,40
8/22/2022,3,3,42
8/23/2022,3,3,57
8/24/2022,3,3,45
8/25/2022,3,3,69
8/26/2022,3,3,63
8/27/2022,3,3,68
8/28/2022,3,3,53
8/29/2022,3,3,56
8/30/2022,3,3,52
8/31/2022,3,3,52
9/1/2022,3,3,46
9/2/2022,3,3,52
9/3/2022,3,3,55
9/4/2022,3,3,28
9/5/2022,3,3,45
9/6/2022,3,3,40
9/7/2022,3,3,48
9/8/2022,3,3,57
9/9/2022,3,3,55
9/10/2022,3,3,61
9/11/2022,3,3,38
9/12/2022,3,3,42
9/13/2022,3,3,52
9/14/2022,3,3,52
9/15/2022,3,3,51
9/16/2022,3,3,59
9/17/2022,3,3,52
9/18/2022,3,3,50
9/19/2022,3,3,38
9/20/2022,3,3,50
9/21/2022,3,3,57
9/22/2022,3,3,48
9/23/2022,3,3,51
9/24/2022,3,3,48
9/25/2022,3,3,37
9/26/2022,3,3,49
9/27/2022,3,3,38
9/28/2022,3,3,53
9/29/2022,3,3,50
9/30/2022,3,3,59
10/1/2022,3,3,45
10/2/2022,3,3,41
10/3/2022,3,3,43
10/4/2022,3,3,35
10/5/2022,3,3,41
10/6/2022,3,3,57
10/7/2022,3,3,58
10/8/2022,3,3,52
10/9/2022,3,3,31
10/10/2022,3,3,48
10/11/2022,3,3,45
10/12/2022,3,3,43
10/13/2022,3,3,57
10/14/2022,3,3,64
10/15/2022,3,3,53
10/16/2022,3,3,37
10/17/2022,3,3,34
10/18/2022,3,3,44
10/19/2022,3,3,39
10/20/2022,3,3,57
10/21/2022,3,3,51
10/22/2022,3,3,53
10/23/2022,3,3,27
10/24/2022,3,3,44
10/25/2022,3,3,53
10/26/2022,3,3,41
10/27/2022,3,3,39
10/28/2022,3,3,38
10/29/2022,3,3,44
10/30/2022,3,3,39
10/31/2022,3,3,54
11/1/2022,3,3,38
11/2/2022,3,3,63
11/3/2022,3,3,50
11/4/2022,3,3,50
11/5/2022,3,3,42
11/6/2022,3,3,52
11/7/2022,3,3,32
11/8/2022,3,3,43
11/9/2022,3,3,48
11/10/2022,3,3,70
11/11/2022,3,3,55
11/12/2022,3,3,62
11/13/2022,3,3,40
11/14/2022,3,3,43
11/15/2022,3,3,49
11/16/2022,3,3,51
11/17/2022,3,3,43
11/18/2022,3,3,48
11/19/2022,3,3,61
11/20/2022,3,3,32
11/21/2022,3,3,49
11/22/2022,3,3,52
11/23/2022,3,3,61
11/24/2022,3,3,55
11/25/2022,3,3,55
11/26/2022,3,3,47
11/27/2022,3,3,38
11/28/2022,3,3,46
11/29/2022,3,3,42
11/30/2022,3,3,48
12/1/2022,3,3,45
12/2/2022,3,3,32
12/3/2022,3,3,30
12/4/2022,3,3,26
12/5/2022,3,3,33
12/6/2022,3,3,43
12/7/2022,3,3,30
12/8/2022,3,3,53
12/9/2022,3,3,50
12/10/2022,3,3,55
12/11/2022,3,3,27
12/12/2022,3,3,38
12/13/2022,3,3,22
12/14/2022,3,3,30
12/15/2022,3,3,42
12/16/2022,3,3,46
12/17/2022,3,3,35
12/18/2022,3,3,30
12/19/2022,3,3,54
12/20/2022,3,3,22
12/21/2022,3,3,41
12/22/2022,3,3,49
12/23/2022,3,3,37
12/24/2022,3,3,36
12/25/2022,3,3,33
12/26/2022,3,3,35
12/27/2022,3,3,40
12/28/2022,3,3,30
12/29/2022,3,3,32
12/30/2022,3,3,30
12/31/2022,3,3,35
