date,item,sales,marketing_expense,economic_indicator,competitor_pricing
1/1/2018,1,13,3492,106,90
1/2/2018,1,11,3067,108,92
1/3/2018,1,14,2616,102,98
1/4/2018,1,13,2505,130,94
1/5/2018,1,10,2711,122,98
1/6/2018,1,12,2979,101,98
1/7/2018,1,10,2859,126,94
1/8/2018,1,9,3575,138,98
1/9/2018,1,12,3236,104,97
1/10/2018,1,9,3325,110,94
1/11/2018,1,9,3346,130,93
1/12/2018,1,7,3893,123,98
1/13/2018,1,10,3880,122,92
1/14/2018,1,12,2831,110,97
1/15/2018,1,5,3364,106,93
1/16/2018,1,7,3667,124,90
1/17/2018,1,16,3476,107,96
1/18/2018,1,7,2556,124,97
1/19/2018,1,18,2690,106,97
1/20/2018,1,15,3555,135,98
1/21/2018,1,8,2594,114,90
1/22/2018,1,7,3261,111,90
1/23/2018,1,9,3586,140,93
1/24/2018,1,8,3166,124,95
1/25/2018,1,14,3098,105,92
1/26/2018,1,12,3139,102,96
1/27/2018,1,12,2510,135,95
1/28/2018,1,11,3406,118,96
1/29/2018,1,6,3185,136,94
1/30/2018,1,9,2927,124,97
1/31/2018,1,13,2779,133,97
2/1/2018,1,11,2633,140,94
2/2/2018,1,21,3122,130,95
2/3/2018,1,15,3507,139,91
2/4/2018,1,14,3582,131,90
2/5/2018,1,9,3505,120,98
2/6/2018,1,10,2901,130,90
2/7/2018,1,13,3398,133,93
2/8/2018,1,11,3955,140,98
2/9/2018,1,14,2544,127,96
2/10/2018,1,11,2903,112,95
2/11/2018,1,16,3967,136,91
2/12/2018,1,11,2874,118,91
2/13/2018,1,14,3837,104,97
2/14/2018,1,10,3007,136,92
2/15/2018,1,11,2671,139,94
2/16/2018,1,7,3928,110,94
2/17/2018,1,11,2665,130,90
2/18/2018,1,10,2605,115,90
2/19/2018,1,10,2553,105,92
2/20/2018,1,7,3940,115,92
2/21/2018,1,13,2785,139,90
2/22/2018,1,12,2822,129,98
2/23/2018,1,15,3937,118,96
2/24/2018,1,11,2701,106,91
2/25/2018,1,7,3705,136,90
2/26/2018,1,9,2568,103,92
2/27/2018,1,9,2672,102,91
2/28/2018,1,10,2679,129,93
3/1/2018,1,15,2715,136,94
3/2/2018,1,13,3068,119,90
3/3/2018,1,20,3145,126,94
3/4/2018,1,14,2522,112,91
3/5/2018,1,13,3656,103,93
3/6/2018,1,17,3045,121,98
3/7/2018,1,11,3708,112,90
3/8/2018,1,15,3534,103,98
3/9/2018,1,16,3710,135,90
3/10/2018,1,11,3535,129,90
3/11/2018,1,18,3522,140,90
3/12/2018,1,14,2573,100,91
3/13/2018,1,13,3722,122,95
3/14/2018,1,10,2772,109,95
3/15/2018,1,14,3605,122,90
3/16/2018,1,10,3847,119,90
3/17/2018,1,22,2962,103,92
3/18/2018,1,11,3484,101,97
3/19/2018,1,19,3682,117,91
3/20/2018,1,14,2985,111,94
3/21/2018,1,17,3173,133,92
3/22/2018,1,21,2950,137,94
3/23/2018,1,21,3565,108,98
3/24/2018,1,19,2835,100,94
3/25/2018,1,13,2767,117,92
3/26/2018,1,16,2664,134,92
3/27/2018,1,11,3791,124,91
3/28/2018,1,13,3100,111,97
3/29/2018,1,17,2823,119,93
3/30/2018,1,19,3855,125,91
3/31/2018,1,20,3570,104,96
4/1/2018,1,11,3041,102,97
4/2/2018,1,19,2673,129,93
4/3/2018,1,24,3133,119,90
4/4/2018,1,18,2824,103,98
4/5/2018,1,19,3994,103,97
4/6/2018,1,23,3344,117,96
4/7/2018,1,17,3767,123,91
4/8/2018,1,19,2529,132,91
4/9/2018,1,13,2793,131,92
4/10/2018,1,19,3207,117,90
4/11/2018,1,16,2775,104,97
4/12/2018,1,18,3222,137,94
4/13/2018,1,17,3933,120,92
4/14/2018,1,26,3572,129,90
4/15/2018,1,14,3418,104,90
4/16/2018,1,9,3250,105,96
4/17/2018,1,17,3676,111,98
4/18/2018,1,21,3598,101,98
4/19/2018,1,22,3477,138,97
4/20/2018,1,22,3817,126,94
4/21/2018,1,20,3343,119,92
4/22/2018,1,13,3045,129,91
4/23/2018,1,11,3245,107,97
4/24/2018,1,13,3994,100,95
4/25/2018,1,14,3796,106,97
4/26/2018,1,20,3689,109,92
4/27/2018,1,22,2567,134,93
4/28/2018,1,19,3216,114,92
4/29/2018,1,11,2931,128,98
4/30/2018,1,15,2774,112,90
5/1/2018,1,16,3052,139,91
5/2/2018,1,23,3377,133,92
5/3/2018,1,22,3693,121,95
5/4/2018,1,20,3670,131,97
5/5/2018,1,14,2870,111,95
5/6/2018,1,14,3309,121,96
5/7/2018,1,15,3996,125,95
5/8/2018,1,14,2871,131,98
5/9/2018,1,11,3871,127,93
5/10/2018,1,16,3498,105,93
5/11/2018,1,19,3609,139,98
5/12/2018,1,13,2754,115,94
5/13/2018,1,9,3103,121,92
5/14/2018,1,13,3737,105,90
5/15/2018,1,16,2769,114,98
5/16/2018,1,15,3186,136,98
5/17/2018,1,16,3857,107,90
5/18/2018,1,20,3592,110,97
5/19/2018,1,19,3903,133,90
5/20/2018,1,14,2736,105,94
5/21/2018,1,24,3450,126,93
5/22/2018,1,23,3352,103,91
5/23/2018,1,14,3603,139,97
5/24/2018,1,24,3526,132,98
5/25/2018,1,25,3738,132,92
5/26/2018,1,27,3723,104,92
5/27/2018,1,7,2745,127,95
5/28/2018,1,12,3507,115,98
5/29/2018,1,10,3573,100,90
5/30/2018,1,19,3442,101,94
5/31/2018,1,27,3633,119,98
6/1/2018,1,26,3117,100,90
6/2/2018,1,22,3948,124,95
6/3/2018,1,12,2935,134,91
6/4/2018,1,15,3452,125,98
6/5/2018,1,24,3367,137,95
6/6/2018,1,9,3646,128,94
6/7/2018,1,21,2886,112,93
6/8/2018,1,20,3242,108,96
6/9/2018,1,38,3817,114,90
6/10/2018,1,20,3939,113,96
6/11/2018,1,18,3733,108,96
6/12/2018,1,22,2536,126,95
6/13/2018,1,21,3955,116,96
6/14/2018,1,22,3014,133,92
6/15/2018,1,26,2935,135,96
6/16/2018,1,23,2741,136,97
6/17/2018,1,13,3892,123,96
6/18/2018,1,21,2977,130,90
6/19/2018,1,18,3012,131,97
6/20/2018,1,24,3528,114,90
6/21/2018,1,19,2562,128,93
6/22/2018,1,23,3804,104,98
6/23/2018,1,24,2525,129,98
6/24/2018,1,17,3976,101,97
6/25/2018,1,21,2597,125,95
6/26/2018,1,21,3314,119,92
6/27/2018,1,26,3194,111,91
6/28/2018,1,17,3779,139,98
6/29/2018,1,20,2674,122,95
6/30/2018,1,24,3257,135,92
7/1/2018,1,23,2728,101,94
7/2/2018,1,17,3113,115,98
7/3/2018,1,12,3668,116,90
7/4/2018,1,24,3364,120,91
7/5/2018,1,17,3765,126,95
7/6/2018,1,16,3285,127,90
7/7/2018,1,34,3505,110,96
7/8/2018,1,20,3407,117,90
7/9/2018,1,23,3899,133,92
7/10/2018,1,14,3210,123,94
7/11/2018,1,25,3504,129,93
7/12/2018,1,29,2526,125,95
7/13/2018,1,22,3891,114,91
7/14/2018,1,29,3323,102,95
7/15/2018,1,18,2574,120,96
7/16/2018,1,12,3905,109,90
7/17/2018,1,16,3780,138,95
7/18/2018,1,21,3254,113,94
7/19/2018,1,25,3626,112,91
7/20/2018,1,25,3716,124,93
7/21/2018,1,26,3053,139,95
7/22/2018,1,18,2569,100,96
7/23/2018,1,17,2782,131,94
7/24/2018,1,21,2823,138,98
7/25/2018,1,21,3103,103,91
7/26/2018,1,31,3631,128,92
7/27/2018,1,19,2609,126,93
7/28/2018,1,25,3193,101,94
7/29/2018,1,8,3408,140,95
7/30/2018,1,26,3118,120,90
7/31/2018,1,27,3424,114,93
8/1/2018,1,21,3829,138,92
8/2/2018,1,19,3809,133,95
8/3/2018,1,24,2522,134,95
8/4/2018,1,26,2794,134,95
8/5/2018,1,17,3186,107,90
8/6/2018,1,10,3230,111,96
8/7/2018,1,25,3225,124,90
8/8/2018,1,20,3981,100,96
8/9/2018,1,19,2502,140,94
8/10/2018,1,22,2604,122,92
8/11/2018,1,25,3199,111,90
8/12/2018,1,10,3002,132,96
8/13/2018,1,11,3774,125,93
8/14/2018,1,19,3767,134,90
8/15/2018,1,22,3155,128,91
8/16/2018,1,15,2691,123,94
8/17/2018,1,29,3704,140,90
8/18/2018,1,27,2612,114,97
8/19/2018,1,11,3880,100,92
8/20/2018,1,15,3035,101,97
8/21/2018,1,20,3916,116,96
8/22/2018,1,20,3009,107,95
8/23/2018,1,19,2699,137,92
8/24/2018,1,19,3518,110,94
8/25/2018,1,23,2554,113,98
8/26/2018,1,11,2519,135,96
8/27/2018,1,16,3332,129,95
8/28/2018,1,20,2801,112,90
8/29/2018,1,14,3781,139,98
8/30/2018,1,20,2935,104,98
8/31/2018,1,25,3030,125,98
9/1/2018,1,25,2796,115,90
9/2/2018,1,10,3068,101,93
9/3/2018,1,16,3572,136,96
9/4/2018,1,10,2558,135,91
9/5/2018,1,16,2891,107,96
9/6/2018,1,20,3483,116,96
9/7/2018,1,20,3555,135,90
9/8/2018,1,19,3747,139,96
9/9/2018,1,15,3835,136,92
9/10/2018,1,17,2649,133,90
9/11/2018,1,26,3924,138,95
9/12/2018,1,14,2596,138,92
9/13/2018,1,16,2538,137,92
9/14/2018,1,27,3832,130,95
9/15/2018,1,14,3111,124,97
9/16/2018,1,16,2817,128,91
9/17/2018,1,20,3243,125,95
9/18/2018,1,18,3055,123,93
9/19/2018,1,16,3228,113,90
9/20/2018,1,11,3141,129,92
9/21/2018,1,13,3145,111,95
9/22/2018,1,16,2921,106,91
9/23/2018,1,18,3181,138,91
9/24/2018,1,14,3927,113,91
9/25/2018,1,17,3754,122,95
9/26/2018,1,20,2801,133,95
9/27/2018,1,22,3821,115,94
9/28/2018,1,13,2597,107,94
9/29/2018,1,20,2853,130,97
9/30/2018,1,20,3341,140,90
10/1/2018,1,12,3361,107,94
10/2/2018,1,11,3205,102,94
10/3/2018,1,14,3836,100,91
10/4/2018,1,14,3951,132,90
10/5/2018,1,14,2632,113,95
10/6/2018,1,20,2821,121,94
10/7/2018,1,13,3356,127,97
10/8/2018,1,13,3941,132,94
10/9/2018,1,14,3029,108,95
10/10/2018,1,20,3608,119,90
10/11/2018,1,17,2774,103,92
10/12/2018,1,17,3334,125,97
10/13/2018,1,20,3767,119,93
10/14/2018,1,15,3029,110,96
10/15/2018,1,15,3564,127,97
10/16/2018,1,15,3385,134,94
10/17/2018,1,10,3877,117,93
10/18/2018,1,10,3291,100,98
10/19/2018,1,18,2680,118,94
10/20/2018,1,25,3839,124,91
10/21/2018,1,13,3602,107,94
10/22/2018,1,11,3259,115,96
10/23/2018,1,16,2521,129,90
10/24/2018,1,17,2643,139,92
10/25/2018,1,18,3987,103,97
10/26/2018,1,19,2916,139,98
10/27/2018,1,14,2757,138,91
10/28/2018,1,11,3800,103,92
10/29/2018,1,17,2516,131,95
10/30/2018,1,20,2670,129,91
10/31/2018,1,21,2531,100,90
11/1/2018,1,20,2960,125,95
11/2/2018,1,24,3195,109,96
11/3/2018,1,19,2557,139,91
11/4/2018,1,12,3885,139,93
11/5/2018,1,20,3237,109,93
11/6/2018,1,16,3544,103,97
11/7/2018,1,17,2580,134,94
11/8/2018,1,22,3780,133,91
11/9/2018,1,18,3920,137,90
11/10/2018,1,23,3169,120,94
11/11/2018,1,16,2756,134,97
11/12/2018,1,20,3922,129,94
11/13/2018,1,20,3602,128,91
11/14/2018,1,9,3603,110,92
11/15/2018,1,18,2759,116,95
11/16/2018,1,13,3356,109,96
11/17/2018,1,17,3954,118,93
11/18/2018,1,17,3259,118,96
11/19/2018,1,18,3253,105,95
11/20/2018,1,17,2837,111,90
11/21/2018,1,16,2570,115,98
11/22/2018,1,17,3568,122,96
11/23/2018,1,31,2926,134,97
11/24/2018,1,20,2808,115,97
11/25/2018,1,16,3257,104,94
11/26/2018,1,25,3433,108,91
11/27/2018,1,25,3719,118,98
11/28/2018,1,17,3553,138,92
11/29/2018,1,19,3447,119,95
11/30/2018,1,30,3799,121,90
12/1/2018,1,16,3489,137,97
12/2/2018,1,8,3539,112,94
12/3/2018,1,21,3057,116,98
12/4/2018,1,6,3743,124,94
12/5/2018,1,13,3707,137,92
12/6/2018,1,15,3371,115,92
12/7/2018,1,17,3037,110,97
12/8/2018,1,17,2624,123,95
12/9/2018,1,8,3323,125,96
12/10/2018,1,14,3299,116,97
12/11/2018,1,7,3682,139,92
12/12/2018,1,5,3235,100,94
12/13/2018,1,13,3972,111,98
12/14/2018,1,16,3212,108,95
12/15/2018,1,15,2862,107,90
12/16/2018,1,15,2641,108,98
12/17/2018,1,8,3370,107,93
12/18/2018,1,18,3250,118,97
12/19/2018,1,7,2983,129,94
12/20/2018,1,13,2803,105,96
12/21/2018,1,11,3457,133,94
12/22/2018,1,9,2583,136,94
12/23/2018,1,8,3929,135,95
12/24/2018,1,17,3113,132,90
12/25/2018,1,6,3967,123,93
12/26/2018,1,16,3161,114,94
12/27/2018,1,18,3638,110,97
12/28/2018,1,17,2867,106,92
12/29/2018,1,14,3959,129,94
12/30/2018,1,5,3207,136,93
12/31/2018,1,15,3225,137,92
1/1/2019,1,9,3645,127,93
1/2/2019,1,14,2790,133,93
1/3/2019,1,11,2846,122,97
1/4/2019,1,20,3970,123,97
1/5/2019,1,17,3259,139,97
1/6/2019,1,14,2889,121,97
1/7/2019,1,11,3572,124,90
1/8/2019,1,12,3377,123,93
1/9/2019,1,17,3843,140,95
1/10/2019,1,12,3335,100,98
1/11/2019,1,17,2792,120,92
1/12/2019,1,12,3530,125,96
1/13/2019,1,12,2654,109,95
1/14/2019,1,17,3079,126,98
1/15/2019,1,17,3408,140,93
1/16/2019,1,15,3275,116,92
1/17/2019,1,18,2914,124,91
1/18/2019,1,15,2765,111,98
1/19/2019,1,12,3022,126,93
1/20/2019,1,6,2603,114,96
1/21/2019,1,7,3943,123,93
1/22/2019,1,21,2742,106,91
1/23/2019,1,18,3751,138,92
1/24/2019,1,18,3714,129,96
1/25/2019,1,21,3480,103,96
1/26/2019,1,16,3441,136,91
1/27/2019,1,8,3944,117,91
1/28/2019,1,6,3985,114,93
1/29/2019,1,13,3879,120,93
1/30/2019,1,11,3022,106,93
1/31/2019,1,18,2928,122,98
2/1/2019,1,13,3840,135,92
2/2/2019,1,16,3105,117,90
2/3/2019,1,10,3433,114,92
2/4/2019,1,9,3023,110,96
2/5/2019,1,21,3954,102,93
2/6/2019,1,17,3655,117,93
2/7/2019,1,15,2601,136,95
2/8/2019,1,15,2867,108,92
2/9/2019,1,18,2790,103,97
2/10/2019,1,10,3389,120,95
2/11/2019,1,10,3258,121,93
2/12/2019,1,9,3026,101,92
2/13/2019,1,22,3984,134,94
2/14/2019,1,20,3328,111,95
2/15/2019,1,20,2886,106,93
2/16/2019,1,13,2740,108,98
2/17/2019,1,11,2657,118,96
2/18/2019,1,11,2604,136,94
2/19/2019,1,16,3356,100,96
2/20/2019,1,19,2534,123,95
2/21/2019,1,16,3581,127,96
2/22/2019,1,17,3493,115,94
2/23/2019,1,13,3700,122,98
2/24/2019,1,7,2586,108,95
2/25/2019,1,14,3105,115,94
2/26/2019,1,17,2754,125,95
2/27/2019,1,10,3515,136,91
2/28/2019,1,16,3527,132,91
3/1/2019,1,20,3199,121,95
3/2/2019,1,15,3089,107,94
3/3/2019,1,12,2813,100,90
3/4/2019,1,11,2806,135,98
3/5/2019,1,18,2954,129,96
3/6/2019,1,19,2835,103,94
3/7/2019,1,21,3982,118,94
3/8/2019,1,14,2553,122,95
3/9/2019,1,21,3693,133,98
3/10/2019,1,13,3949,109,97
3/11/2019,1,14,3423,127,92
3/12/2019,1,24,3232,115,96
3/13/2019,1,17,3492,126,98
3/14/2019,1,16,3275,116,92
3/15/2019,1,22,3687,127,94
3/16/2019,1,31,3690,111,91
3/17/2019,1,19,3297,101,97
3/18/2019,1,17,2509,131,98
3/19/2019,1,24,3266,106,94
3/20/2019,1,21,3169,104,95
3/21/2019,1,18,2525,106,96
3/22/2019,1,20,3067,111,94
3/23/2019,1,25,3085,131,90
3/24/2019,1,4,3240,102,94
3/25/2019,1,15,3853,119,98
3/26/2019,1,17,3063,139,92
3/27/2019,1,17,3445,116,90
3/28/2019,1,16,2641,116,94
3/29/2019,1,18,2539,107,93
3/30/2019,1,15,3917,106,91
3/31/2019,1,15,2992,120,96
4/1/2019,1,19,3091,140,94
4/2/2019,1,11,3741,132,96
4/3/2019,1,16,2856,115,92
4/4/2019,1,17,2662,104,93
4/5/2019,1,21,3497,133,90
4/6/2019,1,26,2665,111,98
4/7/2019,1,19,3952,127,96
4/8/2019,1,19,2701,103,98
4/9/2019,1,20,3417,126,91
4/10/2019,1,18,2861,117,98
4/11/2019,1,23,3894,139,97
4/12/2019,1,19,3839,112,93
4/13/2019,1,22,3933,108,90
4/14/2019,1,20,3675,132,97
4/15/2019,1,22,3081,119,95
4/16/2019,1,20,3704,114,96
4/17/2019,1,18,3596,110,95
4/18/2019,1,20,3671,109,98
4/19/2019,1,22,3407,131,93
4/20/2019,1,22,3129,131,97
4/21/2019,1,17,3927,133,93
4/22/2019,1,12,2673,113,98
4/23/2019,1,16,3119,114,96
4/24/2019,1,25,3272,114,94
4/25/2019,1,22,3298,103,90
4/26/2019,1,21,3683,131,98
4/27/2019,1,20,3125,130,95
4/28/2019,1,15,2847,100,98
4/29/2019,1,18,2977,100,97
4/30/2019,1,13,3986,135,97
5/1/2019,1,22,3636,100,91
5/2/2019,1,19,3766,124,95
5/3/2019,1,22,3276,120,91
5/4/2019,1,23,3350,119,92
5/5/2019,1,21,3319,111,98
5/6/2019,1,19,3199,111,96
5/7/2019,1,21,2675,116,90
5/8/2019,1,15,2782,115,98
5/9/2019,1,18,3872,104,90
5/10/2019,1,16,3780,125,92
5/11/2019,1,27,3945,125,91
5/12/2019,1,16,3984,113,94
5/13/2019,1,22,2652,119,91
5/14/2019,1,21,3776,102,91
5/15/2019,1,22,3433,127,97
5/16/2019,1,23,2643,108,90
5/17/2019,1,18,2691,128,97
5/18/2019,1,36,3149,110,90
5/19/2019,1,12,2871,118,92
5/20/2019,1,23,3541,133,90
5/21/2019,1,16,3211,140,97
5/22/2019,1,25,3738,109,96
5/23/2019,1,28,3761,119,94
5/24/2019,1,25,3962,103,90
5/25/2019,1,20,2912,132,95
5/26/2019,1,15,3812,136,93
5/27/2019,1,13,2750,126,94
5/28/2019,1,13,3034,140,96
5/29/2019,1,20,3641,101,90
5/30/2019,1,29,3747,118,90
5/31/2019,1,31,2574,112,95
6/1/2019,1,24,3129,125,97
6/2/2019,1,16,3086,110,95
6/3/2019,1,23,3688,128,94
6/4/2019,1,20,3737,116,95
6/5/2019,1,24,3079,135,93
6/6/2019,1,23,3045,105,96
6/7/2019,1,27,3126,109,90
6/8/2019,1,29,3253,123,98
6/9/2019,1,18,3087,105,95
6/10/2019,1,14,3234,123,97
6/11/2019,1,22,3544,107,90
6/12/2019,1,22,3981,134,96
6/13/2019,1,25,3289,110,90
6/14/2019,1,29,3426,104,96
6/15/2019,1,33,3665,129,93
6/16/2019,1,25,2531,134,92
6/17/2019,1,32,3159,136,93
6/18/2019,1,20,3629,116,90
6/19/2019,1,22,3887,127,93
6/20/2019,1,19,3518,112,94
6/21/2019,1,26,3086,118,91
6/22/2019,1,37,3379,137,93
6/23/2019,1,19,3935,124,91
6/24/2019,1,24,3046,119,97
6/25/2019,1,21,2620,119,96
6/26/2019,1,18,2533,100,92
6/27/2019,1,29,3155,112,96
6/28/2019,1,34,3168,103,91
6/29/2019,1,19,3257,103,92
6/30/2019,1,16,3986,124,91
7/1/2019,1,16,2979,103,98
7/2/2019,1,24,3810,115,92
7/3/2019,1,25,2631,114,94
7/4/2019,1,28,3950,130,91
7/5/2019,1,25,3488,140,91
7/6/2019,1,34,3276,124,94
7/7/2019,1,16,3506,111,98
7/8/2019,1,25,3434,126,98
7/9/2019,1,27,2777,100,98
7/10/2019,1,23,3785,124,96
7/11/2019,1,25,3106,133,97
7/12/2019,1,22,3258,112,94
7/13/2019,1,24,3198,113,92
7/14/2019,1,21,3650,124,91
7/15/2019,1,24,3286,138,92
7/16/2019,1,17,3190,102,91
7/17/2019,1,26,2614,129,93
7/18/2019,1,25,3898,121,93
7/19/2019,1,31,3027,139,92
7/20/2019,1,26,3441,110,91
7/21/2019,1,21,2674,139,90
7/22/2019,1,30,3602,133,93
7/23/2019,1,19,2677,126,91
7/24/2019,1,26,3024,125,96
7/25/2019,1,24,3182,117,98
7/26/2019,1,29,3652,137,95
7/27/2019,1,35,2796,134,90
7/28/2019,1,11,3410,130,98
7/29/2019,1,19,2774,101,96
7/30/2019,1,25,3450,138,98
7/31/2019,1,23,3390,133,98
8/1/2019,1,12,3376,131,95
8/2/2019,1,23,3583,117,93
8/3/2019,1,27,3367,108,90
8/4/2019,1,20,2579,134,92
8/5/2019,1,19,2885,111,96
8/6/2019,1,25,3167,117,98
8/7/2019,1,21,3994,101,97
8/8/2019,1,27,3817,120,91
8/9/2019,1,27,3671,133,97
8/10/2019,1,22,3806,110,95
8/11/2019,1,22,2614,102,94
8/12/2019,1,20,3785,131,97
8/13/2019,1,11,3844,104,96
8/14/2019,1,17,3852,116,98
8/15/2019,1,21,3195,134,92
8/16/2019,1,20,2870,101,90
8/17/2019,1,31,3972,101,91
8/18/2019,1,25,3940,113,90
8/19/2019,1,15,3164,134,92
8/20/2019,1,21,2664,109,91
8/21/2019,1,20,3360,123,91
8/22/2019,1,21,2673,138,96
8/23/2019,1,26,3894,107,93
8/24/2019,1,26,3670,138,97
8/25/2019,1,12,2503,101,96
8/26/2019,1,25,2773,118,90
8/27/2019,1,21,3264,133,96
8/28/2019,1,19,2751,137,91
8/29/2019,1,17,3273,130,98
8/30/2019,1,30,3633,132,93
8/31/2019,1,28,3075,116,90
9/1/2019,1,16,3169,105,93
9/2/2019,1,15,3610,136,91
9/3/2019,1,22,3718,109,92
9/4/2019,1,26,2597,108,97
9/5/2019,1,27,2884,123,92
9/6/2019,1,21,3767,118,95
9/7/2019,1,25,2978,100,97
9/8/2019,1,12,2834,109,96
9/9/2019,1,22,3636,124,92
9/10/2019,1,16,3057,116,95
9/11/2019,1,15,3368,105,91
9/12/2019,1,25,3149,133,93
9/13/2019,1,17,3027,127,98
9/14/2019,1,26,3495,100,97
9/15/2019,1,12,2713,101,91
9/16/2019,1,15,3712,115,91
9/17/2019,1,17,3574,133,94
9/18/2019,1,18,2637,137,96
9/19/2019,1,21,2847,101,90
9/20/2019,1,21,3107,118,95
9/21/2019,1,20,3075,109,93
9/22/2019,1,15,3199,104,97
9/23/2019,1,20,3701,124,92
9/24/2019,1,14,3837,102,96
9/25/2019,1,17,2863,124,97
9/26/2019,1,23,3789,119,90
9/27/2019,1,13,2747,100,95
9/28/2019,1,22,3459,134,96
9/29/2019,1,18,3471,137,93
9/30/2019,1,15,3883,139,93
10/1/2019,1,12,3043,116,93
10/2/2019,1,15,3224,140,90
10/3/2019,1,24,2621,110,92
10/4/2019,1,27,3453,127,90
10/5/2019,1,33,3814,123,93
10/6/2019,1,9,3701,103,91
10/7/2019,1,10,2503,104,92
10/8/2019,1,25,3931,116,95
10/9/2019,1,18,3236,109,98
10/10/2019,1,19,3684,116,91
10/11/2019,1,28,3092,129,92
10/12/2019,1,29,3034,124,95
10/13/2019,1,6,2601,136,95
10/14/2019,1,20,2613,116,94
10/15/2019,1,21,2927,103,91
10/16/2019,1,17,3522,124,92
10/17/2019,1,18,3857,127,90
10/18/2019,1,22,3022,139,93
10/19/2019,1,13,2614,101,90
10/20/2019,1,8,3272,122,94
10/21/2019,1,19,3871,129,90
10/22/2019,1,14,2956,116,91
10/23/2019,1,18,3760,105,95
10/24/2019,1,17,2593,131,92
10/25/2019,1,21,3343,102,91
10/26/2019,1,22,2953,129,95
10/27/2019,1,15,3140,140,90
10/28/2019,1,12,2682,138,97
10/29/2019,1,11,3431,130,97
10/30/2019,1,12,3982,104,90
10/31/2019,1,20,3567,113,91
11/1/2019,1,17,2801,135,94
11/2/2019,1,33,3490,112,95
11/3/2019,1,16,3355,123,94
11/4/2019,1,16,3699,125,97
11/5/2019,1,15,3909,107,93
11/6/2019,1,22,2723,112,96
11/7/2019,1,22,3396,105,95
11/8/2019,1,12,3933,120,98
11/9/2019,1,28,3374,110,90
11/10/2019,1,16,3761,124,96
11/11/2019,1,12,3684,115,91
11/12/2019,1,18,3672,111,90
11/13/2019,1,18,3078,110,96
11/14/2019,1,25,2927,138,94
11/15/2019,1,24,3468,107,94
11/16/2019,1,18,3846,120,95
11/17/2019,1,17,2708,109,95
11/18/2019,1,18,3136,105,93
11/19/2019,1,19,3308,127,91
11/20/2019,1,17,3020,116,93
11/21/2019,1,28,3056,123,95
11/22/2019,1,20,2649,111,94
11/23/2019,1,29,2725,117,96
11/24/2019,1,18,2862,103,97
11/25/2019,1,19,3621,129,91
11/26/2019,1,23,3365,106,91
11/27/2019,1,23,3388,127,92
11/28/2019,1,24,2958,136,93
11/29/2019,1,28,3938,105,90
11/30/2019,1,24,3717,140,93
12/1/2019,1,10,3636,105,92
12/2/2019,1,17,2530,112,93
12/3/2019,1,9,3312,105,98
12/4/2019,1,10,3721,116,98
12/5/2019,1,14,2909,140,98
12/6/2019,1,16,3732,103,93
12/7/2019,1,11,3760,114,97
12/8/2019,1,13,2538,130,91
12/9/2019,1,13,3506,112,95
12/10/2019,1,14,2739,129,93
12/11/2019,1,12,2939,117,98
12/12/2019,1,10,3851,117,98
12/13/2019,1,16,2940,136,93
12/14/2019,1,13,3967,118,97
12/15/2019,1,14,3126,127,92
12/16/2019,1,11,3811,104,93
12/17/2019,1,15,2562,118,97
12/18/2019,1,10,3886,110,97
12/19/2019,1,11,3419,127,90
12/20/2019,1,19,3546,113,97
12/21/2019,1,18,3764,114,92
12/22/2019,1,8,3833,101,98
12/23/2019,1,13,2888,101,98
12/24/2019,1,16,2740,137,90
12/25/2019,1,20,3514,138,98
12/26/2019,1,12,3234,132,92
12/27/2019,1,15,3231,113,98
12/28/2019,1,17,3181,126,98
12/29/2019,1,9,3513,109,90
12/30/2019,1,11,3278,120,91
12/31/2019,1,12,3728,112,93
1/1/2020,1,11,3857,101,90
1/2/2020,1,19,3957,114,97
1/3/2020,1,16,3999,125,91
1/4/2020,1,14,2780,134,94
1/5/2020,1,14,3971,104,93
1/6/2020,1,9,2883,128,95
1/7/2020,1,13,3630,109,92
1/8/2020,1,18,3994,121,90
1/9/2020,1,18,2816,101,98
1/10/2020,1,17,3665,108,92
1/11/2020,1,19,2593,124,98
1/12/2020,1,9,3242,112,92
1/13/2020,1,9,2894,103,95
1/14/2020,1,15,3988,105,95
1/15/2020,1,10,3506,137,95
1/16/2020,1,15,2883,115,98
1/17/2020,1,16,3441,110,96
1/18/2020,1,15,2546,139,98
1/19/2020,1,12,3113,127,93
1/20/2020,1,12,3507,105,98
1/21/2020,1,10,2726,133,95
1/22/2020,1,8,3188,123,93
1/23/2020,1,14,3909,129,90
1/24/2020,1,20,3951,140,93
1/25/2020,1,19,2697,122,98
1/26/2020,1,12,2539,109,93
1/27/2020,1,13,3865,123,93
1/28/2020,1,13,2504,111,97
1/29/2020,1,7,2742,101,98
1/30/2020,1,12,3642,104,97
1/31/2020,1,19,2959,135,93
2/1/2020,1,17,3369,137,91
2/2/2020,1,6,2936,106,90
2/3/2020,1,10,3435,113,90
2/4/2020,1,8,3942,123,91
2/5/2020,1,18,3045,115,98
2/6/2020,1,13,2755,106,92
2/7/2020,1,13,3484,125,90
2/8/2020,1,18,2863,106,94
2/9/2020,1,12,3159,103,90
2/10/2020,1,15,3671,116,91
2/11/2020,1,19,3913,107,94
2/12/2020,1,15,2890,128,95
2/13/2020,1,13,3608,136,97
2/14/2020,1,11,2747,109,98
2/15/2020,1,18,2989,125,91
2/16/2020,1,14,2704,120,98
2/17/2020,1,16,3112,133,93
2/18/2020,1,16,2733,103,94
2/19/2020,1,11,3739,122,91
2/20/2020,1,10,3427,110,94
2/21/2020,1,19,3618,118,98
2/22/2020,1,24,3738,133,97
2/23/2020,1,9,3338,125,93
2/24/2020,1,8,2942,104,91
2/25/2020,1,13,3936,120,94
2/26/2020,1,18,3602,105,97
2/27/2020,1,17,2912,115,94
2/28/2020,1,18,3891,115,92
3/1/2020,1,18,2825,117,95
3/2/2020,1,17,2936,131,98
3/3/2020,1,14,3996,137,96
3/4/2020,1,19,3683,137,95
3/5/2020,1,10,3471,138,98
3/6/2020,1,17,2585,112,98
3/7/2020,1,16,3355,120,90
3/8/2020,1,13,3891,129,91
3/9/2020,1,13,3843,115,92
3/10/2020,1,23,3557,135,91
3/11/2020,1,21,2951,130,93
3/12/2020,1,24,2895,100,92
3/13/2020,1,25,3514,114,98
3/14/2020,1,15,3399,102,91
3/15/2020,1,20,3165,121,90
3/16/2020,1,13,2661,137,95
3/17/2020,1,15,2851,114,97
3/18/2020,1,16,3122,133,95
3/19/2020,1,17,3381,113,91
3/20/2020,1,31,3790,135,90
3/21/2020,1,25,3639,110,95
3/22/2020,1,23,3868,135,97
3/23/2020,1,16,2518,133,98
3/24/2020,1,18,3885,127,93
3/25/2020,1,13,2573,123,97
3/26/2020,1,10,3637,103,97
3/27/2020,1,16,2854,116,98
3/28/2020,1,12,3529,111,95
3/29/2020,1,25,3924,114,98
3/30/2020,1,19,2935,102,97
3/31/2020,1,18,3025,125,93
4/1/2020,1,24,3847,110,93
4/2/2020,1,20,3130,111,95
4/3/2020,1,27,2500,108,98
4/4/2020,1,26,3546,106,94
4/5/2020,1,20,3603,103,92
4/6/2020,1,20,2652,131,96
4/7/2020,1,19,3421,103,92
4/8/2020,1,17,2837,138,93
4/9/2020,1,20,2854,130,96
4/10/2020,1,24,3848,130,93
4/11/2020,1,17,3458,103,94
4/12/2020,1,21,3682,102,92
4/13/2020,1,14,3078,135,96
4/14/2020,1,26,3927,126,90
4/15/2020,1,26,3743,127,91
4/16/2020,1,20,3014,138,91
4/17/2020,1,22,3393,135,98
4/18/2020,1,23,3737,137,91
4/19/2020,1,24,3206,119,98
4/20/2020,1,17,3268,106,92
4/21/2020,1,25,3294,103,97
4/22/2020,1,19,2738,117,93
4/23/2020,1,17,3713,135,95
4/24/2020,1,11,3113,140,98
4/25/2020,1,29,3373,102,94
4/26/2020,1,30,3404,127,93
4/27/2020,1,22,3290,107,97
4/28/2020,1,27,2800,117,97
4/29/2020,1,18,2673,102,93
4/30/2020,1,27,3256,137,91
5/1/2020,1,20,3875,114,97
5/2/2020,1,22,3259,125,92
5/3/2020,1,33,3030,116,98
5/4/2020,1,14,3626,132,98
5/5/2020,1,25,3639,125,97
5/6/2020,1,13,2768,100,91
5/7/2020,1,23,3221,116,94
5/8/2020,1,22,2573,108,91
5/9/2020,1,29,3542,102,93
5/10/2020,1,29,2782,127,97
5/11/2020,1,24,3583,110,93
5/12/2020,1,21,3547,123,92
5/13/2020,1,14,2694,127,93
5/14/2020,1,17,2753,128,94
5/15/2020,1,27,3800,117,91
5/16/2020,1,31,3279,100,98
5/17/2020,1,27,3686,131,96
5/18/2020,1,11,3422,111,94
5/19/2020,1,28,3520,128,90
5/20/2020,1,17,2681,111,97
5/21/2020,1,27,2698,138,96
5/22/2020,1,22,3642,129,94
5/23/2020,1,24,3756,136,94
5/24/2020,1,27,3380,120,95
5/25/2020,1,19,3235,102,98
5/26/2020,1,19,3929,106,92
5/27/2020,1,22,3748,128,90
5/28/2020,1,23,3222,126,97
5/29/2020,1,18,3886,106,93
5/30/2020,1,36,2837,109,93
5/31/2020,1,27,3743,120,93
6/1/2020,1,23,2667,119,95
6/2/2020,1,15,3986,134,95
6/3/2020,1,23,2705,103,92
6/4/2020,1,25,3439,102,96
6/5/2020,1,18,2671,119,95
6/6/2020,1,43,3672,108,90
6/7/2020,1,22,2830,123,95
6/8/2020,1,18,2511,127,90
6/9/2020,1,19,3767,140,96
6/10/2020,1,22,3600,123,96
6/11/2020,1,29,2948,138,96
6/12/2020,1,23,2570,115,95
6/13/2020,1,28,3210,105,94
6/14/2020,1,30,3647,131,97
6/15/2020,1,19,2565,111,97
6/16/2020,1,17,3366,130,97
6/17/2020,1,28,3263,108,94
6/18/2020,1,29,2740,124,91
6/19/2020,1,20,3389,139,91
6/20/2020,1,30,3628,134,92
6/21/2020,1,34,3869,120,90
6/22/2020,1,14,3178,112,94
6/23/2020,1,27,3323,140,93
6/24/2020,1,26,3365,123,98
6/25/2020,1,21,3932,139,96
6/26/2020,1,30,2595,100,96
6/27/2020,1,31,3731,124,91
6/28/2020,1,35,2617,110,94
6/29/2020,1,26,3999,140,97
6/30/2020,1,23,3707,126,94
7/1/2020,1,21,2646,136,94
7/2/2020,1,26,3509,139,93
7/3/2020,1,30,3959,140,98
7/4/2020,1,40,3561,108,92
7/5/2020,1,30,3927,116,91
7/6/2020,1,20,3828,116,98
7/7/2020,1,24,2522,133,94
7/8/2020,1,21,2682,134,92
7/9/2020,1,33,2981,113,94
7/10/2020,1,26,2818,136,96
7/11/2020,1,30,3252,119,97
7/12/2020,1,19,2591,135,90
7/13/2020,1,22,2667,124,98
7/14/2020,1,19,3080,101,94
7/15/2020,1,20,2540,111,90
7/16/2020,1,41,3399,105,95
7/17/2020,1,31,3383,113,94
7/18/2020,1,38,3587,117,98
7/19/2020,1,38,3084,127,90
7/20/2020,1,22,3595,109,97
7/21/2020,1,29,2789,105,92
7/22/2020,1,27,2611,122,92
7/23/2020,1,17,3697,139,90
7/24/2020,1,29,3337,122,92
7/25/2020,1,34,3743,111,97
7/26/2020,1,38,2698,128,96
7/27/2020,1,13,3647,112,94
7/28/2020,1,27,3284,131,97
7/29/2020,1,26,2648,126,91
7/30/2020,1,22,3012,113,93
7/31/2020,1,29,3703,122,92
8/1/2020,1,28,2986,104,90
8/2/2020,1,19,3409,106,93
8/3/2020,1,20,2603,107,97
8/4/2020,1,26,3993,133,98
8/5/2020,1,20,2777,111,95
8/6/2020,1,25,3733,130,91
8/7/2020,1,22,2572,111,98
8/8/2020,1,19,2557,125,98
8/9/2020,1,33,3538,137,96
8/10/2020,1,14,3835,132,98
8/11/2020,1,16,3893,131,90
8/12/2020,1,24,2929,131,98
8/13/2020,1,25,3383,104,98
8/14/2020,1,23,2523,140,95
8/15/2020,1,26,3484,104,98
8/16/2020,1,27,3413,134,92
8/17/2020,1,14,3205,118,90
8/18/2020,1,18,2564,101,95
8/19/2020,1,24,2609,102,91
8/20/2020,1,17,3706,137,92
8/21/2020,1,29,3200,115,90
8/22/2020,1,22,2687,140,98
8/23/2020,1,19,3799,102,91
8/24/2020,1,19,2797,117,92
8/25/2020,1,22,3917,113,98
8/26/2020,1,26,3189,109,97
8/27/2020,1,23,3044,139,94
8/28/2020,1,25,3393,116,92
8/29/2020,1,36,3983,137,91
8/30/2020,1,25,3390,129,98
8/31/2020,1,20,3666,135,93
9/1/2020,1,27,2997,136,96
9/2/2020,1,22,3772,128,93
9/3/2020,1,16,3487,129,94
9/4/2020,1,16,2824,128,94
9/5/2020,1,34,2703,122,93
9/6/2020,1,25,3365,120,97
9/7/2020,1,17,3632,125,96
9/8/2020,1,25,3942,130,98
9/9/2020,1,13,3184,139,94
9/10/2020,1,25,3010,110,98
9/11/2020,1,28,3982,103,91
9/12/2020,1,24,3053,122,95
9/13/2020,1,28,3926,134,98
9/14/2020,1,22,2980,133,91
9/15/2020,1,21,3781,135,90
9/16/2020,1,23,3857,114,91
9/17/2020,1,19,2509,114,95
9/18/2020,1,16,3068,121,97
9/19/2020,1,40,3188,132,93
9/20/2020,1,28,3950,101,92
9/21/2020,1,18,2504,105,95
9/22/2020,1,20,3760,140,93
9/23/2020,1,22,3087,135,97
9/24/2020,1,28,4000,117,97
9/25/2020,1,20,3637,127,93
9/26/2020,1,20,3236,115,97
9/27/2020,1,32,2639,115,91
9/28/2020,1,15,3203,111,96
9/29/2020,1,19,3032,124,90
9/30/2020,1,15,3213,133,92
10/1/2020,1,25,2816,131,95
10/2/2020,1,12,3663,134,94
10/3/2020,1,20,2979,130,97
10/4/2020,1,22,2737,112,90
10/5/2020,1,13,3293,134,91
10/6/2020,1,14,3286,101,90
10/7/2020,1,19,2876,104,93
10/8/2020,1,21,2666,103,98
10/9/2020,1,27,3036,112,96
10/10/2020,1,22,2670,118,94
10/11/2020,1,25,2738,108,92
10/12/2020,1,12,3125,126,96
10/13/2020,1,24,2726,134,93
10/14/2020,1,26,2532,137,97
10/15/2020,1,19,2714,131,94
10/16/2020,1,23,3532,127,97
10/17/2020,1,22,2638,104,93
10/18/2020,1,25,2618,131,98
10/19/2020,1,19,2511,107,94
10/20/2020,1,21,3951,120,97
10/21/2020,1,24,3939,113,93
10/22/2020,1,17,2958,124,97
10/23/2020,1,28,3275,132,90
10/24/2020,1,24,2609,112,93
10/25/2020,1,33,3257,131,96
10/26/2020,1,18,2828,133,96
10/27/2020,1,18,3177,104,97
10/28/2020,1,8,3083,125,96
10/29/2020,1,17,3224,135,90
10/30/2020,1,19,2763,111,91
10/31/2020,1,30,3256,117,90
11/1/2020,1,26,2850,113,93
11/2/2020,1,16,3009,110,98
11/3/2020,1,25,2720,119,94
11/4/2020,1,26,3132,125,92
11/5/2020,1,21,3709,133,93
11/6/2020,1,24,3721,135,96
11/7/2020,1,25,3587,104,95
11/8/2020,1,25,3604,106,95
11/9/2020,1,16,2543,133,91
11/10/2020,1,15,3259,127,95
11/11/2020,1,24,2718,135,96
11/12/2020,1,19,3272,112,97
11/13/2020,1,21,2859,116,94
11/14/2020,1,37,3561,103,96
11/15/2020,1,31,3069,134,91
11/16/2020,1,14,3857,121,94
11/17/2020,1,19,3615,104,98
11/18/2020,1,30,2944,105,98
11/19/2020,1,26,2716,109,98
11/20/2020,1,27,3964,107,92
11/21/2020,1,22,3802,105,95
11/22/2020,1,30,3625,106,94
11/23/2020,1,21,2641,105,94
11/24/2020,1,20,3649,131,92
11/25/2020,1,16,2949,112,96
11/26/2020,1,19,3225,120,92
11/27/2020,1,33,2907,109,92
11/28/2020,1,24,3979,113,96
11/29/2020,1,27,2848,113,92
11/30/2020,1,5,3402,131,92
12/1/2020,1,13,3697,112,92
12/2/2020,1,12,3275,131,98
12/3/2020,1,14,2723,116,91
12/4/2020,1,29,3248,101,97
12/5/2020,1,12,3306,115,96
12/6/2020,1,14,2614,132,90
12/7/2020,1,14,3138,131,95
12/8/2020,1,13,3307,113,94
12/9/2020,1,18,2742,129,91
12/10/2020,1,14,3461,119,96
12/11/2020,1,21,3015,115,90
12/12/2020,1,23,3472,140,93
12/13/2020,1,14,3111,139,97
12/14/2020,1,10,3533,121,98
12/15/2020,1,12,2937,123,95
12/16/2020,1,19,2775,128,97
12/17/2020,1,9,3112,123,95
12/18/2020,1,19,2956,129,90
12/19/2020,1,21,3111,134,94
12/20/2020,1,17,3653,106,94
12/21/2020,1,10,3284,132,92
12/22/2020,1,13,3550,121,90
12/23/2020,1,14,3720,121,90
12/24/2020,1,7,3576,118,97
12/25/2020,1,19,3929,129,90
12/26/2020,1,13,3641,102,97
12/27/2020,1,17,2981,115,98
12/28/2020,1,4,2917,111,93
12/29/2020,1,12,3805,124,95
12/30/2020,1,15,3451,125,98
12/31/2020,1,18,2733,101,97
1/1/2021,1,21,2725,124,93
1/2/2021,1,13,3792,113,92
1/3/2021,1,12,3079,136,94
1/4/2021,1,12,2638,114,92
1/5/2021,1,12,3255,103,97
1/6/2021,1,16,3761,111,92
1/7/2021,1,12,3981,124,94
1/8/2021,1,12,3830,106,90
1/9/2021,1,16,3535,112,96
1/10/2021,1,26,3715,102,94
1/11/2021,1,7,3900,102,91
1/12/2021,1,13,3516,101,95
1/13/2021,1,9,2790,119,91
1/14/2021,1,18,3348,132,90
1/15/2021,1,13,3347,101,96
1/16/2021,1,8,3978,108,95
1/17/2021,1,13,3328,111,91
1/18/2021,1,7,3630,111,90
1/19/2021,1,17,3487,108,93
1/20/2021,1,13,3727,140,98
1/21/2021,1,12,3583,112,91
1/22/2021,1,15,2519,127,91
1/23/2021,1,23,3799,111,94
1/24/2021,1,21,3128,119,98
1/25/2021,1,15,2695,114,90
1/26/2021,1,18,2826,134,92
1/27/2021,1,14,2530,130,90
1/28/2021,1,17,2609,134,98
1/29/2021,1,16,2667,116,93
1/30/2021,1,14,3801,103,94
1/31/2021,1,14,2651,114,95
2/1/2021,1,16,3145,131,94
2/2/2021,1,16,3797,100,90
2/3/2021,1,19,3402,135,90
2/4/2021,1,9,2762,134,91
2/5/2021,1,14,2754,103,91
2/6/2021,1,14,2914,135,98
2/7/2021,1,18,3629,100,92
2/8/2021,1,12,2753,127,91
2/9/2021,1,14,2531,124,93
2/10/2021,1,16,2719,122,97
2/11/2021,1,14,2748,131,97
2/12/2021,1,15,2751,107,94
2/13/2021,1,10,2684,123,94
2/14/2021,1,23,3865,105,95
2/15/2021,1,8,3465,122,92
2/16/2021,1,19,3578,110,91
2/17/2021,1,29,2729,109,98
2/18/2021,1,17,3220,136,98
2/19/2021,1,18,3058,111,97
2/20/2021,1,18,2782,130,95
2/21/2021,1,21,3837,110,91
2/22/2021,1,16,3694,138,97
2/23/2021,1,16,2676,127,95
2/24/2021,1,10,3905,125,94
2/25/2021,1,12,3507,134,95
2/26/2021,1,9,3500,115,98
2/27/2021,1,21,3157,122,97
2/28/2021,1,12,3505,104,97
2/29/2021,1,14,3174,106,90
3/1/2021,1,16,2957,129,97
3/2/2021,1,17,2735,121,94
3/3/2021,1,20,2965,133,92
3/4/2021,1,17,2566,124,92
3/5/2021,1,17,3734,110,98
3/6/2021,1,22,2727,106,98
3/7/2021,1,17,3144,131,96
3/8/2021,1,9,2913,127,93
3/9/2021,1,18,2659,127,97
3/10/2021,1,15,3854,126,98
3/11/2021,1,22,2748,131,92
3/12/2021,1,17,2785,127,91
3/13/2021,1,23,3315,109,93
3/14/2021,1,13,2972,103,95
3/15/2021,1,11,3137,130,97
3/16/2021,1,23,3065,107,93
3/17/2021,1,19,2687,133,90
3/18/2021,1,21,3719,122,96
3/19/2021,1,25,3468,105,97
3/20/2021,1,25,2787,126,93
3/21/2021,1,22,3377,115,95
3/22/2021,1,17,3477,106,95
3/23/2021,1,19,3917,106,93
3/24/2021,1,18,3663,139,90
3/25/2021,1,27,2540,109,90
3/26/2021,1,22,2958,126,97
3/27/2021,1,28,3930,101,90
3/28/2021,1,16,2599,106,92
3/29/2021,1,22,3254,121,97
3/30/2021,1,14,2548,112,98
3/31/2021,1,17,3647,103,91
4/1/2021,1,32,3907,113,94
4/2/2021,1,24,3069,125,96
4/3/2021,1,29,2528,120,91
4/4/2021,1,18,2946,100,96
4/5/2021,1,20,3573,117,96
4/6/2021,1,25,3485,121,95
4/7/2021,1,18,3622,118,91
4/8/2021,1,23,3366,126,97
4/9/2021,1,22,3065,139,90
4/10/2021,1,36,3869,105,95
4/11/2021,1,18,3496,129,95
4/12/2021,1,30,2718,106,93
4/13/2021,1,24,3958,111,91
4/14/2021,1,22,3856,112,92
4/15/2021,1,23,2958,104,98
4/16/2021,1,22,2761,137,93
4/17/2021,1,18,2845,116,96
4/18/2021,1,23,3348,116,92
4/19/2021,1,23,2519,121,96
4/20/2021,1,18,2833,126,92
4/21/2021,1,20,3921,137,97
4/22/2021,1,22,3204,119,90
4/23/2021,1,23,2579,110,94
4/24/2021,1,26,2617,130,94
4/25/2021,1,15,3805,127,90
4/26/2021,1,20,3430,137,98
4/27/2021,1,19,3859,140,95
4/28/2021,1,21,3872,115,98
4/29/2021,1,30,3871,120,95
4/30/2021,1,30,3286,120,95
5/1/2021,1,30,3269,126,92
5/2/2021,1,18,3078,130,98
5/3/2021,1,29,2977,137,97
5/4/2021,1,24,2614,107,97
5/5/2021,1,17,2653,107,95
5/6/2021,1,23,2500,109,95
5/7/2021,1,23,3619,140,98
5/8/2021,1,26,3725,129,91
5/9/2021,1,18,3428,116,98
5/10/2021,1,29,2613,115,91
5/11/2021,1,21,3541,122,95
5/12/2021,1,19,3071,109,94
5/13/2021,1,26,2534,133,95
5/14/2021,1,30,3611,138,93
5/15/2021,1,39,2670,119,96
5/16/2021,1,13,3552,138,97
5/17/2021,1,25,3986,132,98
5/18/2021,1,33,2933,114,96
5/19/2021,1,26,2903,103,95
5/20/2021,1,28,2786,115,91
5/21/2021,1,35,3290,118,95
5/22/2021,1,32,3800,104,94
5/23/2021,1,22,2518,102,92
5/24/2021,1,26,3383,113,92
5/25/2021,1,29,2839,131,90
5/26/2021,1,17,2660,124,96
5/27/2021,1,26,3173,130,96
5/28/2021,1,33,3395,109,96
5/29/2021,1,29,3257,119,94
5/30/2021,1,18,2509,107,95
5/31/2021,1,18,2902,131,97
6/1/2021,1,24,3601,130,95
6/2/2021,1,25,2623,130,94
6/3/2021,1,38,3228,104,92
6/4/2021,1,28,3304,112,98
6/5/2021,1,35,3206,138,97
6/6/2021,1,23,3703,139,92
6/7/2021,1,22,3380,128,93
6/8/2021,1,22,3977,140,90
6/9/2021,1,24,3703,113,92
6/10/2021,1,34,3716,139,91
6/11/2021,1,31,3723,104,96
6/12/2021,1,22,3889,119,96
6/13/2021,1,22,3539,134,95
6/14/2021,1,25,3006,113,96
6/15/2021,1,22,3402,130,91
6/16/2021,1,30,2950,126,91
6/17/2021,1,22,3032,122,92
6/18/2021,1,27,2983,112,98
6/19/2021,1,28,3387,101,93
6/20/2021,1,15,2715,128,91
6/21/2021,1,25,3125,103,92
6/22/2021,1,25,2613,104,94
6/23/2021,1,23,3847,111,92
6/24/2021,1,31,3187,114,91
6/25/2021,1,31,3902,136,96
6/26/2021,1,32,3391,107,96
6/27/2021,1,26,2688,132,90
6/28/2021,1,28,3788,103,98
6/29/2021,1,25,2656,138,92
6/30/2021,1,25,2741,128,98
7/1/2021,1,42,3800,115,93
7/2/2021,1,32,3161,111,95
7/3/2021,1,35,3972,112,95
7/4/2021,1,18,3418,137,93
7/5/2021,1,31,3772,112,91
7/6/2021,1,22,3123,120,97
7/7/2021,1,33,3492,128,92
7/8/2021,1,34,3362,111,97
7/9/2021,1,35,3402,101,95
7/10/2021,1,28,2607,128,95
7/11/2021,1,18,3400,102,97
7/12/2021,1,27,2657,116,92
7/13/2021,1,30,2738,102,92
7/14/2021,1,22,2502,100,94
7/15/2021,1,33,3898,123,98
7/16/2021,1,34,2590,104,97
7/17/2021,1,37,2752,109,98
7/18/2021,1,24,2683,136,95
7/19/2021,1,25,3876,110,90
7/20/2021,1,22,3162,123,94
7/21/2021,1,34,3046,110,90
7/22/2021,1,26,3278,117,96
7/23/2021,1,34,3445,119,90
7/24/2021,1,25,2954,111,97
7/25/2021,1,21,3366,119,92
7/26/2021,1,24,3594,128,95
7/27/2021,1,28,2701,116,90
7/28/2021,1,30,2533,130,98
7/29/2021,1,30,3801,124,92
7/30/2021,1,38,3873,137,94
7/31/2021,1,31,2817,140,93
8/1/2021,1,21,2923,128,94
8/2/2021,1,22,2572,128,96
8/3/2021,1,28,2817,118,90
8/4/2021,1,34,3110,103,98
8/5/2021,1,24,3427,100,93
8/6/2021,1,20,3839,105,91
8/7/2021,1,31,3078,122,97
8/8/2021,1,11,2715,107,94
8/9/2021,1,26,2565,124,91
8/10/2021,1,21,2945,130,97
8/11/2021,1,23,2834,126,98
8/12/2021,1,16,2747,116,91
8/13/2021,1,27,3441,106,94
8/14/2021,1,36,2999,125,98
8/15/2021,1,24,3405,128,95
8/16/2021,1,15,3884,110,97
8/17/2021,1,25,2672,127,92
8/18/2021,1,26,3456,102,96
8/19/2021,1,29,2966,135,93
8/20/2021,1,30,3562,139,93
8/21/2021,1,22,3675,103,90
8/22/2021,1,15,3195,139,93
8/23/2021,1,24,3969,134,95
8/24/2021,1,32,3382,125,93
8/25/2021,1,17,2567,128,92
8/26/2021,1,25,2500,120,98
8/27/2021,1,24,3596,123,97
8/28/2021,1,34,2863,103,91
8/29/2021,1,14,3109,127,95
8/30/2021,1,14,3052,100,95
8/31/2021,1,17,2857,132,94
9/1/2021,1,18,3714,109,91
9/2/2021,1,20,2562,115,97
9/3/2021,1,31,2511,125,97
9/4/2021,1,25,2971,102,94
9/5/2021,1,32,3790,107,95
9/6/2021,1,28,3635,102,93
9/7/2021,1,18,3908,118,95
9/8/2021,1,28,3523,102,94
9/9/2021,1,26,3652,124,98
9/10/2021,1,25,3437,137,92
9/11/2021,1,24,3711,103,91
9/12/2021,1,24,3015,137,98
9/13/2021,1,24,2528,115,90
9/14/2021,1,19,2631,128,94
9/15/2021,1,20,2503,133,94
9/16/2021,1,19,3199,137,94
9/17/2021,1,19,3998,136,92
9/18/2021,1,27,3043,124,94
9/19/2021,1,19,2707,139,94
9/20/2021,1,23,2621,131,96
9/21/2021,1,25,2982,122,95
9/22/2021,1,25,3941,112,93
9/23/2021,1,24,3072,116,92
9/24/2021,1,26,2827,113,96
9/25/2021,1,27,2591,113,93
9/26/2021,1,17,3580,132,94
9/27/2021,1,18,3519,113,90
9/28/2021,1,27,3973,137,90
9/29/2021,1,28,3048,113,91
9/30/2021,1,23,3777,112,90
10/1/2021,1,25,3316,122,92
10/2/2021,1,26,3966,105,91
10/3/2021,1,20,3285,101,97
10/4/2021,1,28,3797,123,94
10/5/2021,1,17,3333,137,90
10/6/2021,1,22,3709,125,97
10/7/2021,1,19,2641,108,95
10/8/2021,1,24,3311,109,91
10/9/2021,1,29,2567,101,91
10/10/2021,1,18,3919,132,98
10/11/2021,1,18,3615,101,98
10/12/2021,1,16,3404,134,91
10/13/2021,1,16,3326,114,93
10/14/2021,1,32,3870,119,91
10/15/2021,1,32,2584,118,97
10/16/2021,1,26,3389,114,96
10/17/2021,1,20,3051,118,90
10/18/2021,1,21,3951,127,94
10/19/2021,1,20,3717,105,97
10/20/2021,1,30,3940,126,96
10/21/2021,1,25,3491,100,95
10/22/2021,1,26,3650,128,91
10/23/2021,1,21,3870,128,90
10/24/2021,1,16,3147,109,95
10/25/2021,1,13,2684,133,91
10/26/2021,1,16,3306,115,96
10/27/2021,1,25,2981,101,90
10/28/2021,1,18,2856,132,92
10/29/2021,1,23,3932,124,91
10/30/2021,1,33,3445,102,92
10/31/2021,1,24,3773,104,97
11/1/2021,1,22,2581,111,98
11/2/2021,1,23,3150,130,93
11/3/2021,1,23,3077,104,91
11/4/2021,1,22,2911,120,90
11/5/2021,1,29,3678,135,94
11/6/2021,1,18,3654,101,94
11/7/2021,1,17,3734,127,98
11/8/2021,1,19,2907,121,92
11/9/2021,1,22,3256,129,93
11/10/2021,1,18,2780,110,93
11/11/2021,1,26,2963,137,97
11/12/2021,1,26,3067,130,98
11/13/2021,1,36,2548,116,95
11/14/2021,1,17,3864,132,92
11/15/2021,1,22,2624,129,98
11/16/2021,1,20,2573,105,97
11/17/2021,1,19,3054,101,98
11/18/2021,1,21,3351,119,97
11/19/2021,1,36,3012,121,95
11/20/2021,1,22,2604,108,98
11/21/2021,1,14,3741,111,95
11/22/2021,1,18,2715,106,98
11/23/2021,1,20,2626,140,95
11/24/2021,1,18,3052,103,93
11/25/2021,1,26,3095,133,91
11/26/2021,1,20,2533,140,93
11/27/2021,1,20,2997,111,94
11/28/2021,1,22,2868,132,96
11/29/2021,1,27,3705,132,95
11/30/2021,1,19,3083,120,91
12/1/2021,1,13,3241,116,90
12/2/2021,1,11,3059,132,94
12/3/2021,1,19,2572,138,98
12/4/2021,1,24,3556,120,98
12/5/2021,1,13,3573,110,96
12/6/2021,1,10,2596,131,93
12/7/2021,1,17,3740,118,94
12/8/2021,1,15,2763,114,94
12/9/2021,1,7,3639,107,91
12/10/2021,1,12,3975,122,93
12/11/2021,1,20,3961,122,94
12/12/2021,1,12,2672,133,91
12/13/2021,1,23,3803,123,98
12/14/2021,1,12,3791,120,97
12/15/2021,1,10,2954,109,91
12/16/2021,1,15,3128,106,97
12/17/2021,1,19,3230,137,92
12/18/2021,1,22,2868,117,96
12/19/2021,1,17,2691,128,95
12/20/2021,1,18,2529,111,90
12/21/2021,1,12,2900,114,92
12/22/2021,1,20,3987,117,90
12/23/2021,1,21,2764,135,92
12/24/2021,1,13,3323,133,97
12/25/2021,1,20,3612,100,93
12/26/2021,1,16,3039,126,93
12/27/2021,1,10,2935,117,95
12/28/2021,1,16,3368,109,94
12/29/2021,1,21,3797,114,96
12/30/2021,1,24,3580,123,96
12/31/2021,1,14,3783,118,96
1/1/2022,1,19,3355,137,92
1/2/2022,1,15,3635,109,90
1/3/2022,1,10,3276,118,95
1/4/2022,1,16,2779,124,97
1/5/2022,1,14,3454,108,95
1/6/2022,1,24,3964,119,91
1/7/2022,1,14,3245,130,95
1/8/2022,1,20,2903,116,96
1/9/2022,1,18,3038,132,97
1/10/2022,1,11,3370,129,90
1/11/2022,1,14,3199,119,90
1/12/2022,1,17,2609,131,95
1/13/2022,1,7,3105,134,94
1/14/2022,1,16,2588,139,92
1/15/2022,1,29,3295,138,94
1/16/2022,1,15,2520,100,96
1/17/2022,1,14,3838,119,98
1/18/2022,1,10,2623,106,96
1/19/2022,1,16,3966,118,92
1/20/2022,1,22,2671,132,97
1/21/2022,1,13,3940,107,96
1/22/2022,1,21,3805,105,96
1/23/2022,1,9,3131,124,90
1/24/2022,1,18,3145,103,93
1/25/2022,1,14,3989,110,93
1/26/2022,1,13,2853,103,90
1/27/2022,1,10,3814,111,97
1/28/2022,1,16,3752,119,94
1/29/2022,1,24,3758,132,93
1/30/2022,1,9,3936,126,95
1/31/2022,1,17,3451,112,93
2/1/2022,1,15,3954,112,90
2/2/2022,1,17,3855,128,96
2/3/2022,1,24,2891,113,90
2/4/2022,1,25,3762,138,94
2/5/2022,1,25,3297,129,91
2/6/2022,1,16,3250,128,97
2/7/2022,1,12,3122,126,91
2/8/2022,1,20,2759,132,97
2/9/2022,1,16,3238,112,91
2/10/2022,1,16,2797,118,97
2/11/2022,1,18,2848,130,93
2/12/2022,1,19,2852,137,93
2/13/2022,1,11,3589,137,94
2/14/2022,1,15,2748,100,90
2/15/2022,1,22,3728,124,95
2/16/2022,1,11,3896,123,98
2/17/2022,1,17,3450,101,97
2/18/2022,1,22,3531,131,93
2/19/2022,1,18,3792,123,95
2/20/2022,1,5,2720,117,92
2/21/2022,1,14,3500,139,90
2/22/2022,1,12,3006,107,95
2/23/2022,1,26,3298,106,91
2/24/2022,1,15,3134,122,92
2/25/2022,1,16,3024,114,93
2/26/2022,1,28,3676,108,95
2/27/2022,1,12,3305,120,97
2/28/2022,1,20,2527,125,93
3/1/2022,1,16,2591,127,90
3/2/2022,1,23,3881,115,98
3/3/2022,1,22,3589,117,92
3/4/2022,1,13,2585,122,94
3/5/2022,1,25,3909,104,90
3/6/2022,1,11,2550,108,93
3/7/2022,1,14,3083,110,93
3/8/2022,1,17,3953,136,96
3/9/2022,1,16,3493,121,93
3/10/2022,1,18,3838,136,98
3/11/2022,1,15,2525,113,96
3/12/2022,1,21,3896,124,97
3/13/2022,1,14,3636,129,93
3/14/2022,1,24,3754,135,96
3/15/2022,1,22,2966,114,95
3/16/2022,1,23,2900,102,96
3/17/2022,1,17,2790,113,96
3/18/2022,1,20,2627,100,97
3/19/2022,1,25,3694,135,93
3/20/2022,1,14,2559,102,98
3/21/2022,1,13,2545,108,92
3/22/2022,1,23,2638,138,92
3/23/2022,1,18,3868,132,93
3/24/2022,1,19,2818,104,90
3/25/2022,1,20,3628,134,91
3/26/2022,1,17,3677,133,91
3/27/2022,1,21,3178,112,91
3/28/2022,1,13,2887,109,94
3/29/2022,1,12,2992,102,91
3/30/2022,1,22,2651,126,97
3/31/2022,1,13,2872,114,98
4/1/2022,1,26,3529,111,91
4/2/2022,1,21,3735,109,91
4/3/2022,1,17,2590,109,93
4/4/2022,1,22,3803,134,91
4/5/2022,1,21,2973,121,91
4/6/2022,1,25,3749,137,90
4/7/2022,1,25,3186,140,91
4/8/2022,1,23,3633,132,93
4/9/2022,1,20,3529,105,90
4/10/2022,1,19,3862,111,95
4/11/2022,1,21,3659,105,91
4/12/2022,1,17,3524,129,98
4/13/2022,1,25,3254,109,91
4/14/2022,1,15,3062,102,95
4/15/2022,1,20,3042,132,92
4/16/2022,1,32,2948,127,90
4/17/2022,1,13,2655,110,93
4/18/2022,1,21,3388,115,90
4/19/2022,1,19,3181,124,92
4/20/2022,1,26,3062,131,93
4/21/2022,1,27,3254,133,92
4/22/2022,1,19,3833,108,96
4/23/2022,1,22,3832,136,94
4/24/2022,1,17,2990,114,95
4/25/2022,1,26,3158,105,93
4/26/2022,1,22,3348,116,94
4/27/2022,1,26,3105,122,98
4/28/2022,1,25,2838,122,93
4/29/2022,1,32,3161,113,94
4/30/2022,1,33,3138,128,93
5/1/2022,1,15,3603,125,94
5/2/2022,1,21,2798,123,98
5/3/2022,1,29,3732,123,90
5/4/2022,1,19,2598,106,92
5/5/2022,1,28,2621,106,93
5/6/2022,1,34,3197,105,93
5/7/2022,1,31,2599,132,91
5/8/2022,1,24,3253,130,90
5/9/2022,1,32,2953,110,97
5/10/2022,1,17,3163,119,91
5/11/2022,1,18,3269,113,95
5/12/2022,1,26,3906,108,95
5/13/2022,1,25,3903,112,92
5/14/2022,1,32,3677,127,91
5/15/2022,1,17,3449,138,91
5/16/2022,1,24,3437,123,91
5/17/2022,1,16,3994,138,93
5/18/2022,1,32,2735,140,94
5/19/2022,1,35,2882,132,92
5/20/2022,1,34,2970,123,95
5/21/2022,1,25,3453,121,91
5/22/2022,1,20,3253,121,94
5/23/2022,1,15,2742,108,92
5/24/2022,1,30,3619,109,92
5/25/2022,1,22,2754,135,98
5/26/2022,1,24,3665,108,97
5/27/2022,1,35,2923,122,90
5/28/2022,1,33,3674,111,91
5/29/2022,1,23,2717,109,97
5/30/2022,1,17,3036,140,96
5/31/2022,1,20,3327,115,94
6/1/2022,1,29,3584,119,92
6/2/2022,1,25,3000,113,91
6/3/2022,1,36,2729,100,91
6/4/2022,1,27,3234,139,97
6/5/2022,1,22,3288,124,92
6/6/2022,1,22,3731,121,93
6/7/2022,1,29,3477,108,98
6/8/2022,1,26,2846,140,90
6/9/2022,1,16,3820,116,91
6/10/2022,1,41,3962,140,93
6/11/2022,1,28,2609,135,95
6/12/2022,1,23,2843,101,91
6/13/2022,1,26,3646,114,97
6/14/2022,1,32,2737,115,92
6/15/2022,1,30,3582,100,94
6/16/2022,1,26,3100,100,98
6/17/2022,1,31,3822,130,90
6/18/2022,1,38,2612,104,90
6/19/2022,1,30,3969,139,90
6/20/2022,1,22,3090,100,93
6/21/2022,1,26,3031,134,91
6/22/2022,1,24,3960,100,94
6/23/2022,1,26,3858,116,94
6/24/2022,1,30,2947,120,90
6/25/2022,1,26,3166,129,97
6/26/2022,1,21,3797,117,91
6/27/2022,1,32,3793,104,96
6/28/2022,1,50,3454,123,97
6/29/2022,1,28,3085,122,97
6/30/2022,1,28,3641,109,91
7/1/2022,1,31,3632,123,92
7/2/2022,1,38,3761,139,92
7/3/2022,1,18,3640,105,92
7/4/2022,1,23,2986,107,94
7/5/2022,1,23,3885,107,92
7/6/2022,1,31,3707,115,93
7/7/2022,1,32,3690,133,92
7/8/2022,1,27,3803,132,92
7/9/2022,1,32,2511,124,96
7/10/2022,1,16,2619,103,98
7/11/2022,1,23,2825,126,96
7/12/2022,1,29,3246,121,94
7/13/2022,1,22,3937,135,91
7/14/2022,1,38,3120,109,91
7/15/2022,1,40,3959,138,95
7/16/2022,1,36,2600,103,90
7/17/2022,1,20,3145,108,94
7/18/2022,1,26,3116,132,90
7/19/2022,1,24,3099,110,91
7/20/2022,1,37,3326,130,98
7/21/2022,1,27,3912,134,94
7/22/2022,1,35,3593,134,98
7/23/2022,1,32,3309,106,97
7/24/2022,1,27,3934,103,95
7/25/2022,1,20,3621,123,96
7/26/2022,1,28,3868,121,96
7/27/2022,1,35,3535,104,98
7/28/2022,1,25,3766,121,95
7/29/2022,1,30,3851,117,92
7/30/2022,1,26,3093,136,92
7/31/2022,1,22,2947,111,97
8/1/2022,1,18,3117,100,93
8/2/2022,1,19,3761,140,96
8/3/2022,1,25,2696,102,92
8/4/2022,1,26,3715,129,91
8/5/2022,1,35,2960,127,92
8/6/2022,1,29,3898,134,94
8/7/2022,1,20,3479,115,93
8/8/2022,1,28,2801,109,97
8/9/2022,1,28,3960,106,96
8/10/2022,1,31,2764,126,92
8/11/2022,1,25,2505,139,91
8/12/2022,1,32,2944,106,90
8/13/2022,1,32,3578,113,90
8/14/2022,1,26,3913,137,93
8/15/2022,1,18,3838,116,92
8/16/2022,1,24,3277,119,98
8/17/2022,1,21,3262,140,94
8/18/2022,1,35,3336,131,93
8/19/2022,1,29,3237,131,92
8/20/2022,1,27,3840,123,98
8/21/2022,1,19,3206,127,93
8/22/2022,1,28,3943,137,94
8/23/2022,1,26,3221,106,93
8/24/2022,1,15,3801,129,95
8/25/2022,1,30,3435,130,96
8/26/2022,1,38,2767,117,94
8/27/2022,1,26,3103,127,92
8/28/2022,1,15,3125,115,98
8/29/2022,1,21,2554,111,94
8/30/2022,1,22,2913,127,98
8/31/2022,1,26,3095,127,94
9/1/2022,1,38,2894,135,97
9/2/2022,1,26,3837,125,97
9/3/2022,1,23,3923,132,90
9/4/2022,1,12,2872,131,90
9/5/2022,1,26,3616,123,98
9/6/2022,1,24,3801,129,90
9/7/2022,1,29,3363,131,93
9/8/2022,1,28,3198,119,90
9/9/2022,1,28,3201,126,93
9/10/2022,1,30,3716,100,98
9/11/2022,1,16,3152,129,98
9/12/2022,1,20,3793,115,96
9/13/2022,1,13,3166,103,95
9/14/2022,1,26,2906,121,98
9/15/2022,1,28,3434,136,98
9/16/2022,1,27,3499,123,95
9/17/2022,1,30,3134,114,94
9/18/2022,1,22,3938,114,94
9/19/2022,1,21,2568,140,94
9/20/2022,1,20,2882,115,97
9/21/2022,1,20,3378,106,98
9/22/2022,1,28,3233,139,94
9/23/2022,1,37,2616,135,91
9/24/2022,1,24,3076,119,90
9/25/2022,1,14,3242,102,93
9/26/2022,1,18,2545,132,91
9/27/2022,1,27,2648,139,91
9/28/2022,1,23,2569,128,90
9/29/2022,1,28,3051,130,95
9/30/2022,1,30,3982,114,92
10/1/2022,1,21,3994,103,93
10/2/2022,1,12,3751,102,90
10/3/2022,1,18,3776,107,94
10/4/2022,1,15,2658,132,98
10/5/2022,1,20,2689,136,98
10/6/2022,1,19,2865,120,97
10/7/2022,1,22,3920,100,96
10/8/2022,1,19,2947,138,98
10/9/2022,1,9,2824,139,97
10/10/2022,1,23,3414,139,91
10/11/2022,1,14,3747,109,95
10/12/2022,1,24,2601,128,92
10/13/2022,1,23,3468,133,95
10/14/2022,1,26,2758,129,93
10/15/2022,1,28,3729,137,96
10/16/2022,1,19,3914,124,96
10/17/2022,1,17,3952,107,93
10/18/2022,1,15,3218,111,92
10/19/2022,1,26,3814,112,96
10/20/2022,1,22,3257,112,97
10/21/2022,1,26,3000,105,95
10/22/2022,1,32,2783,125,97
10/23/2022,1,20,3574,136,98
10/24/2022,1,23,3870,106,97
10/25/2022,1,22,2753,138,97
10/26/2022,1,28,3354,126,94
10/27/2022,1,20,3152,109,90
10/28/2022,1,22,3541,131,94
10/29/2022,1,29,3365,100,96
10/30/2022,1,22,3805,115,93
10/31/2022,1,24,3655,110,98
11/1/2022,1,16,2733,130,92
11/2/2022,1,21,2922,138,97
11/3/2022,1,18,3195,109,98
11/4/2022,1,34,3629,124,92
11/5/2022,1,23,3619,135,94
11/6/2022,1,17,3526,119,95
11/7/2022,1,23,3421,106,95
11/8/2022,1,14,3133,113,90
11/9/2022,1,21,3996,126,91
11/10/2022,1,19,3832,124,92
11/11/2022,1,24,3311,128,96
11/12/2022,1,27,3367,132,94
11/13/2022,1,22,2653,130,92
11/14/2022,1,16,2716,133,92
11/15/2022,1,19,3595,130,97
11/16/2022,1,22,2746,133,94
11/17/2022,1,25,3781,120,93
11/18/2022,1,31,3746,124,94
11/19/2022,1,32,3840,112,96
11/20/2022,1,21,3099,120,90
11/21/2022,1,29,2598,136,93
11/22/2022,1,27,3764,102,93
11/23/2022,1,25,3881,104,97
11/24/2022,1,22,2546,106,92
11/25/2022,1,29,3996,114,95
11/26/2022,1,24,3913,107,90
11/27/2022,1,10,3847,131,95
11/28/2022,1,14,2521,112,96
11/29/2022,1,28,3598,107,92
11/30/2022,1,15,3497,127,97
12/1/2022,1,19,2672,124,90
12/2/2022,1,16,3296,120,97
12/3/2022,1,31,3214,122,94
12/4/2022,1,7,3560,116,94
12/5/2022,1,20,2625,118,97
12/6/2022,1,17,3310,106,98
12/7/2022,1,18,2519,140,97
12/8/2022,1,17,3486,123,98
12/9/2022,1,27,3245,128,95
12/10/2022,1,20,3498,114,94
12/11/2022,1,20,3554,106,92
12/12/2022,1,13,3137,101,97
12/13/2022,1,17,2713,131,96
12/14/2022,1,14,3724,105,90
12/15/2022,1,16,3245,107,90
12/16/2022,1,15,2722,127,95
12/17/2022,1,22,2999,105,96
12/18/2022,1,19,3299,134,90
12/19/2022,1,7,2694,130,94
12/20/2022,1,16,2667,113,98
12/21/2022,1,12,3295,108,90
12/22/2022,1,6,2954,107,95
12/23/2022,1,18,2793,117,91
12/24/2022,1,19,2942,112,92
12/25/2022,1,13,3040,101,93
12/26/2022,1,16,3280,109,92
12/27/2022,1,14,3344,108,97
12/28/2022,1,19,2987,101,95
12/29/2022,1,15,3550,122,95
12/30/2022,1,27,2832,102,96
12/31/2022,1,23,2933,129,95
1/1/2018,1,12,2578,134,98
1/2/2018,1,16,2529,118,91
1/3/2018,1,16,3134,122,93
1/4/2018,1,20,3024,100,93
1/5/2018,1,16,3258,121,97
1/6/2018,1,18,2797,138,90
1/7/2018,1,12,3380,101,98
1/8/2018,1,11,3154,103,94
1/9/2018,1,16,2846,112,97
1/10/2018,1,10,3071,137,95
1/11/2018,1,15,3796,106,97
1/12/2018,1,22,3251,106,98
1/13/2018,1,30,3055,119,95
1/14/2018,1,14,2716,100,92
1/15/2018,1,17,2803,102,94
1/16/2018,1,14,3751,140,90
1/17/2018,1,14,3778,103,90
1/18/2018,1,12,3927,139,98
1/19/2018,1,18,2554,100,98
1/20/2018,1,24,2834,140,97
1/21/2018,1,13,3219,110,94
1/22/2018,1,11,2519,112,95
1/23/2018,1,19,3674,104,91
1/24/2018,1,14,2719,113,92
1/25/2018,1,17,3353,129,97
1/26/2018,1,14,3888,125,98
1/27/2018,1,12,3749,111,98
1/28/2018,1,15,3464,127,91
1/29/2018,1,18,2839,128,97
1/30/2018,1,10,2576,122,95
1/31/2018,1,16,2525,103,92
2/1/2018,1,16,3259,106,90
2/2/2018,1,23,2790,111,93
2/3/2018,1,14,3093,135,93
2/4/2018,1,18,3624,113,97
2/5/2018,1,16,3564,100,94
2/6/2018,1,12,2881,127,96
2/7/2018,1,19,3448,135,96
2/8/2018,1,13,2588,122,94
2/9/2018,1,15,3427,139,94
2/10/2018,1,21,3254,126,95
2/11/2018,1,11,3397,121,96
2/12/2018,1,14,3039,125,92
2/13/2018,1,19,3195,104,98
2/14/2018,1,14,2811,140,97
2/15/2018,1,17,3108,112,90
2/16/2018,1,25,3097,127,98
2/17/2018,1,26,3603,106,95
2/18/2018,1,13,3891,123,98
2/19/2018,1,22,3917,106,92
2/20/2018,1,21,3174,127,93
2/21/2018,1,9,3134,134,90
2/22/2018,1,21,3346,126,98
2/23/2018,1,15,3919,101,96
2/24/2018,1,20,2924,135,94
2/25/2018,1,17,3522,137,97
2/26/2018,1,16,2960,101,95
2/27/2018,1,11,3566,121,90
2/28/2018,1,22,2508,110,93
3/1/2018,1,27,2605,103,92
3/2/2018,1,23,3681,138,98
3/3/2018,1,29,3734,108,97
3/4/2018,1,25,3707,114,90
3/5/2018,1,13,3645,137,91
3/6/2018,1,21,3290,100,98
3/7/2018,1,19,3733,121,93
3/8/2018,1,20,3081,125,97
3/9/2018,1,31,2795,102,98
3/10/2018,1,32,3246,139,93
3/11/2018,1,17,2994,106,92
3/12/2018,1,20,3926,113,94
3/13/2018,1,22,3999,116,92
3/14/2018,1,17,3800,139,94
3/15/2018,1,17,3807,129,91
3/16/2018,1,23,2562,126,98
3/17/2018,1,20,2638,134,97
3/18/2018,1,12,3783,109,98
3/19/2018,1,17,3062,107,97
3/20/2018,1,20,2605,119,96
3/21/2018,1,25,3640,120,98
3/22/2018,1,28,2656,102,94
3/23/2018,1,30,3874,135,90
3/24/2018,1,30,2740,128,97
3/25/2018,1,17,3253,128,95
3/26/2018,1,23,3599,128,90
3/27/2018,1,17,3896,129,92
3/28/2018,1,21,3803,116,93
3/29/2018,1,21,3111,112,93
3/30/2018,1,26,3223,125,93
3/31/2018,1,23,3737,100,91
4/1/2018,1,16,2925,124,97
4/2/2018,1,29,2649,104,94
4/3/2018,1,34,3194,135,95
4/4/2018,1,30,3248,124,98
4/5/2018,1,23,2643,116,90
4/6/2018,1,28,3823,110,90
4/7/2018,1,32,3608,124,91
4/8/2018,1,15,3960,126,92
4/9/2018,1,23,2942,106,96
4/10/2018,1,16,3128,109,95
4/11/2018,1,26,3522,100,98
4/12/2018,1,22,3955,115,91
4/13/2018,1,26,3928,114,98
4/14/2018,1,39,3296,140,94
4/15/2018,1,17,3524,140,92
4/16/2018,1,19,3282,122,93
4/17/2018,1,25,2923,138,96
4/18/2018,1,28,3362,102,92
4/19/2018,1,29,3966,118,97
4/20/2018,1,29,3907,130,91
4/21/2018,1,22,2652,120,95
4/22/2018,1,17,3658,125,93
4/23/2018,1,19,3321,121,90
4/24/2018,1,21,3338,105,90
4/25/2018,1,31,3594,110,92
4/26/2018,1,29,2680,108,91
4/27/2018,1,25,2548,132,98
4/28/2018,1,20,2699,117,92
4/29/2018,1,21,2633,130,98
4/30/2018,1,32,2815,138,90
5/1/2018,1,29,3120,111,92
5/2/2018,1,30,3776,128,90
5/3/2018,1,28,3450,137,96
5/4/2018,1,29,3065,118,97
5/5/2018,1,32,2787,130,94
5/6/2018,1,20,2697,127,96
5/7/2018,1,21,3323,139,93
5/8/2018,1,29,3685,114,95
5/9/2018,1,25,3386,109,96
5/10/2018,1,35,3589,136,94
5/11/2018,1,23,2753,119,95
5/12/2018,1,38,3904,135,91
5/13/2018,1,20,2858,127,93
5/14/2018,1,30,2555,121,94
5/15/2018,1,26,2683,107,98
5/16/2018,1,26,2704,132,90
5/17/2018,1,45,3394,101,93
5/18/2018,1,28,2877,101,95
5/19/2018,1,29,2979,122,98
5/20/2018,1,20,2849,124,92
5/21/2018,1,22,3332,132,95
5/22/2018,1,25,3971,126,94
5/23/2018,1,31,3632,116,91
5/24/2018,1,16,3368,105,98
5/25/2018,1,24,2638,118,92
5/26/2018,1,42,3588,133,93
5/27/2018,1,18,3434,114,91
5/28/2018,1,17,2510,129,96
5/29/2018,1,26,2970,103,97
5/30/2018,1,26,3777,112,94
5/31/2018,1,33,3675,102,90
6/1/2018,1,44,2826,108,91
6/2/2018,1,44,2938,135,95
6/3/2018,1,23,3732,108,93
6/4/2018,1,22,3827,110,91
6/5/2018,1,32,3899,122,93
6/6/2018,1,29,3077,132,97
6/7/2018,1,28,3775,117,93
6/8/2018,1,36,2685,127,98
6/9/2018,1,22,3090,124,95
6/10/2018,1,16,3427,114,97
6/11/2018,1,26,3484,137,94
6/12/2018,1,25,3485,111,91
6/13/2018,1,26,3115,136,92
6/14/2018,1,33,2623,133,92
6/15/2018,1,37,3874,101,93
6/16/2018,1,34,2505,111,97
6/17/2018,1,26,3838,112,97
6/18/2018,1,22,3109,140,96
6/19/2018,1,18,3244,114,92
6/20/2018,1,21,3745,107,95
6/21/2018,1,36,2575,137,95
6/22/2018,1,28,3591,125,97
6/23/2018,1,30,3687,135,95
6/24/2018,1,25,3295,103,92
6/25/2018,1,32,3642,107,92
6/26/2018,1,26,3719,106,97
6/27/2018,1,25,2660,118,92
6/28/2018,1,24,3082,118,97
6/29/2018,1,27,3719,100,93
6/30/2018,1,28,2755,137,96
7/1/2018,1,24,2721,116,94
7/2/2018,1,19,3159,110,95
7/3/2018,1,30,3140,130,92
7/4/2018,1,25,3520,102,96
7/5/2018,1,42,3815,129,95
7/6/2018,1,32,3202,106,91
7/7/2018,1,31,2737,136,92
7/8/2018,1,27,3974,115,95
7/9/2018,1,29,3570,140,93
7/10/2018,1,28,3384,132,98
7/11/2018,1,36,2594,102,93
7/12/2018,1,40,2711,102,98
7/13/2018,1,27,2866,129,91
7/14/2018,1,27,3217,103,95
7/15/2018,1,17,3265,128,94
7/16/2018,1,21,3090,122,90
7/17/2018,1,31,2537,108,94
7/18/2018,1,34,3167,112,95
7/19/2018,1,37,2912,106,98
7/20/2018,1,36,2762,132,91
7/21/2018,1,34,2618,120,97
7/22/2018,1,30,3565,109,96
7/23/2018,1,28,2880,105,96
7/24/2018,1,24,2591,140,91
7/25/2018,1,33,2562,137,96
7/26/2018,1,30,3821,137,95
7/27/2018,1,45,3174,131,98
7/28/2018,1,27,2579,116,94
7/29/2018,1,24,3567,137,96
7/30/2018,1,24,3008,127,91
7/31/2018,1,19,2722,100,97
8/1/2018,1,23,2616,134,93
8/2/2018,1,32,2697,136,97
8/3/2018,1,30,3492,109,96
8/4/2018,1,30,2938,116,97
8/5/2018,1,18,2592,126,96
8/6/2018,1,22,2679,124,97
8/7/2018,1,24,2653,107,94
8/8/2018,1,30,3254,111,96
8/9/2018,1,30,3911,138,90
8/10/2018,1,25,3875,131,98
8/11/2018,1,27,3566,113,95
8/12/2018,1,27,3543,101,91
8/13/2018,1,14,3995,122,92
8/14/2018,1,26,2881,120,98
8/15/2018,1,26,3286,138,97
8/16/2018,1,27,2573,121,95
8/17/2018,1,30,3763,110,91
8/18/2018,1,25,2630,100,94
8/19/2018,1,24,3416,104,92
8/20/2018,1,18,3123,110,98
8/21/2018,1,14,2909,135,93
8/22/2018,1,27,3150,108,93
8/23/2018,1,27,3468,119,95
8/24/2018,1,26,2533,103,96
8/25/2018,1,28,2836,114,93
8/26/2018,1,23,2647,100,96
8/27/2018,1,29,3596,120,92
8/28/2018,1,30,3449,102,93
8/29/2018,1,32,2836,101,96
8/30/2018,1,35,2543,132,93
8/31/2018,1,26,2723,120,95
9/1/2018,1,25,2909,136,90
9/2/2018,1,21,3433,140,97
9/3/2018,1,23,3459,126,91
9/4/2018,1,22,3839,119,97
9/5/2018,1,28,2811,140,93
9/6/2018,1,23,3189,138,90
9/7/2018,1,23,3368,129,98
9/8/2018,1,38,3159,101,95
9/9/2018,1,18,3424,120,94
9/10/2018,1,23,2673,105,93
9/11/2018,1,18,2797,129,92
9/12/2018,1,24,3545,114,91
9/13/2018,1,28,3146,125,97
9/14/2018,1,23,3497,110,91
9/15/2018,1,27,3521,124,97
9/16/2018,1,26,2890,132,98
9/17/2018,1,23,2680,134,93
9/18/2018,1,27,3329,125,90
9/19/2018,1,26,3426,109,91
9/20/2018,1,18,2705,119,98
9/21/2018,1,29,3240,101,92
9/22/2018,1,36,3113,109,97
9/23/2018,1,16,2547,130,90
9/24/2018,1,32,2664,105,95
9/25/2018,1,25,2669,113,98
9/26/2018,1,28,2761,140,97
9/27/2018,1,23,3818,110,96
9/28/2018,1,25,2815,105,97
9/29/2018,1,21,3609,128,91
9/30/2018,1,14,2643,125,97
10/1/2018,1,21,3410,127,94
10/2/2018,1,25,3934,116,91
10/3/2018,1,24,2572,131,96
10/4/2018,1,34,3937,131,90
10/5/2018,1,25,3811,121,91
10/6/2018,1,25,3830,131,92
10/7/2018,1,20,3722,105,91
10/8/2018,1,24,3619,122,96
10/9/2018,1,23,2976,124,98
10/10/2018,1,23,3926,107,96
10/11/2018,1,27,2925,105,91
10/12/2018,1,29,3789,130,90
10/13/2018,1,22,2878,132,95
10/14/2018,1,27,3935,102,97
10/15/2018,1,15,3426,103,96
10/16/2018,1,14,3050,125,94
10/17/2018,1,36,3018,118,98
10/18/2018,1,21,2924,105,91
10/19/2018,1,29,3096,114,92
10/20/2018,1,35,3229,137,92
10/21/2018,1,15,3120,112,93
10/22/2018,1,18,3174,127,91
10/23/2018,1,23,3486,115,98
10/24/2018,1,23,2586,131,94
10/25/2018,1,22,2828,121,94
10/26/2018,1,23,2716,130,98
10/27/2018,1,18,2956,137,95
10/28/2018,1,23,2822,106,95
10/29/2018,1,18,3731,110,95
10/30/2018,1,20,3571,106,95
10/31/2018,1,34,3586,138,95
11/1/2018,1,31,2985,139,98
11/2/2018,1,23,3770,138,93
11/3/2018,1,17,2686,115,98
11/4/2018,1,15,3260,114,95
11/5/2018,1,24,2940,112,97
11/6/2018,1,28,3677,134,91
11/7/2018,1,19,3507,135,93
11/8/2018,1,26,2658,135,96
11/9/2018,1,35,3896,118,91
11/10/2018,1,41,2924,132,91
11/11/2018,1,21,3734,101,96
11/12/2018,1,24,2721,105,94
11/13/2018,1,18,3246,135,90
11/14/2018,1,24,3027,103,92
11/15/2018,1,32,3873,102,93
11/16/2018,1,29,2958,102,95
11/17/2018,1,30,2692,126,97
11/18/2018,1,19,2527,101,90
11/19/2018,1,26,3511,104,92
11/20/2018,1,24,3567,115,92
11/21/2018,1,20,3581,125,94
11/22/2018,1,19,2844,101,98
11/23/2018,1,23,2805,127,97
11/24/2018,1,18,2535,111,96
11/25/2018,1,13,2931,127,90
11/26/2018,1,22,2799,118,92
11/27/2018,1,17,2756,121,92
11/28/2018,1,22,2646,132,93
11/29/2018,1,29,2760,100,96
11/30/2018,1,24,3688,103,92
12/1/2018,1,20,3960,101,90
12/2/2018,1,11,3226,111,94
12/3/2018,1,17,3476,119,98
12/4/2018,1,16,3600,129,97
12/5/2018,1,27,3514,105,98
12/6/2018,1,20,3918,107,98
12/7/2018,1,26,3128,111,97
12/8/2018,1,19,2626,123,96
12/9/2018,1,12,2813,135,91
12/10/2018,1,22,3357,135,96
12/11/2018,1,23,2897,131,95
12/12/2018,1,10,3819,115,92
12/13/2018,1,21,2842,135,93
12/14/2018,1,18,3036,140,90
12/15/2018,1,24,3957,135,92
12/16/2018,1,10,3201,102,93
12/17/2018,1,10,3795,105,91
12/18/2018,1,15,3751,137,95
12/19/2018,1,12,3544,112,98
12/20/2018,1,21,3868,104,94
12/21/2018,1,24,3524,104,90
12/22/2018,1,18,2943,118,97
12/23/2018,1,7,3700,114,97
12/24/2018,1,20,3446,104,93
12/25/2018,1,11,2684,108,90
12/26/2018,1,15,3144,102,94
12/27/2018,1,20,2727,115,91
12/28/2018,1,18,3481,122,95
12/29/2018,1,24,3408,120,90
12/30/2018,1,20,3191,126,97
12/31/2018,1,18,3680,127,98
1/1/2019,1,19,3161,108,98
1/2/2019,1,17,3545,104,93
1/3/2019,1,14,3318,136,97
1/4/2019,1,16,3444,121,90
1/5/2019,1,24,3607,135,91
1/6/2019,1,23,2516,101,95
1/7/2019,1,16,3562,100,95
1/8/2019,1,13,3533,137,97
1/9/2019,1,21,2730,113,93
1/10/2019,1,25,2940,133,93
1/11/2019,1,16,3246,126,97
1/12/2019,1,21,3324,107,97
1/13/2019,1,15,3103,108,92
1/14/2019,1,20,2729,103,93
1/15/2019,1,17,3045,127,98
1/16/2019,1,21,3412,110,96
1/17/2019,1,19,2975,111,92
1/18/2019,1,15,3876,131,96
1/19/2019,1,25,2700,128,96
1/20/2019,1,8,3332,114,90
1/21/2019,1,14,3838,125,93
1/22/2019,1,16,3929,133,92
1/23/2019,1,26,3639,138,90
1/24/2019,1,26,3873,105,97
1/25/2019,1,20,3179,127,95
1/26/2019,1,19,2794,124,92
1/27/2019,1,14,2773,128,94
1/28/2019,1,11,3501,138,92
1/29/2019,1,15,2835,124,90
1/30/2019,1,21,3699,118,92
1/31/2019,1,17,3007,133,97
2/1/2019,1,36,2650,110,96
2/2/2019,1,17,2884,120,90
2/3/2019,1,12,3067,136,92
2/4/2019,1,24,3466,117,97
2/5/2019,1,8,2757,130,95
2/6/2019,1,28,2511,102,91
2/7/2019,1,19,2985,105,93
2/8/2019,1,25,2908,133,91
2/9/2019,1,10,2769,115,93
2/10/2019,1,18,2895,133,96
2/11/2019,1,13,2510,139,94
2/12/2019,1,13,2892,128,92
2/13/2019,1,8,3303,117,94
2/14/2019,1,24,2803,139,96
2/15/2019,1,21,3800,114,93
2/16/2019,1,29,2889,124,95
2/17/2019,1,12,3572,140,97
2/18/2019,1,16,3621,110,92
2/19/2019,1,19,3760,114,90
2/20/2019,1,23,2868,137,95
2/21/2019,1,29,3573,132,91
2/22/2019,1,28,3115,130,91
2/23/2019,1,18,3071,118,90
2/24/2019,1,12,3648,122,98
2/25/2019,1,23,3203,122,95
2/26/2019,1,24,2711,110,92
2/27/2019,1,22,3007,136,93
2/28/2019,1,23,3738,108,94
3/1/2019,1,29,3302,137,93
3/2/2019,1,24,3893,122,95
3/3/2019,1,25,3628,102,95
3/4/2019,1,25,2691,106,97
3/5/2019,1,19,3977,132,92
3/6/2019,1,16,3532,114,95
3/7/2019,1,18,3430,133,93
3/8/2019,1,36,3388,140,97
3/9/2019,1,21,3983,129,95
3/10/2019,1,17,2587,107,93
3/11/2019,1,27,3783,106,93
3/12/2019,1,21,2504,122,97
3/13/2019,1,21,3820,123,96
3/14/2019,1,19,3584,108,94
3/15/2019,1,34,3459,101,95
3/16/2019,1,20,3918,118,90
3/17/2019,1,19,2828,114,93
3/18/2019,1,21,2878,127,91
3/19/2019,1,24,2732,114,92
3/20/2019,1,22,3162,127,96
3/21/2019,1,23,3803,137,97
3/22/2019,1,28,2884,113,95
3/23/2019,1,39,2595,130,94
3/24/2019,1,21,3501,113,96
3/25/2019,1,27,3660,110,98
3/26/2019,1,27,3027,105,93
3/27/2019,1,23,2763,102,90
3/28/2019,1,22,3198,124,98
3/29/2019,1,24,3619,120,94
3/30/2019,1,26,3335,138,97
3/31/2019,1,15,3543,133,98
4/1/2019,1,23,2889,100,97
4/2/2019,1,17,3652,122,94
4/3/2019,1,24,2961,128,90
4/4/2019,1,26,2655,104,97
4/5/2019,1,33,3925,119,95
4/6/2019,1,40,3994,115,92
4/7/2019,1,18,3574,133,91
4/8/2019,1,25,3677,120,91
4/9/2019,1,23,2830,118,92
4/10/2019,1,28,3363,102,98
4/11/2019,1,23,3572,128,96
4/12/2019,1,33,2957,112,98
4/13/2019,1,31,3494,105,94
4/14/2019,1,22,3503,109,96
4/15/2019,1,27,3171,131,91
4/16/2019,1,19,3615,126,94
4/17/2019,1,30,3235,137,94
4/18/2019,1,22,3665,138,93
4/19/2019,1,35,3801,126,95
4/20/2019,1,42,3190,108,92
4/21/2019,1,20,3268,111,94
4/22/2019,1,28,2865,136,90
4/23/2019,1,19,3764,132,97
4/24/2019,1,29,3628,117,97
4/25/2019,1,22,3163,139,93
4/26/2019,1,23,3710,113,95
4/27/2019,1,28,3331,131,90
4/28/2019,1,17,3564,105,90
4/29/2019,1,26,3939,126,95
4/30/2019,1,21,2789,108,92
5/1/2019,1,30,2956,100,91
5/2/2019,1,40,2920,112,97
5/3/2019,1,33,3818,112,96
5/4/2019,1,37,3455,135,90
5/5/2019,1,21,3215,128,96
5/6/2019,1,25,3393,132,94
5/7/2019,1,29,2614,135,92
5/8/2019,1,34,3935,120,92
5/9/2019,1,32,3827,116,97
5/10/2019,1,32,3990,102,92
5/11/2019,1,27,3002,114,93
5/12/2019,1,16,3952,136,95
5/13/2019,1,22,2582,138,92
5/14/2019,1,30,3360,125,92
5/15/2019,1,38,3271,123,91
5/16/2019,1,28,3552,111,94
5/17/2019,1,45,3937,134,91
5/18/2019,1,33,3819,101,92
5/19/2019,1,27,2891,106,93
5/20/2019,1,38,3675,116,92
5/21/2019,1,24,3756,121,94
5/22/2019,1,31,3258,111,97
5/23/2019,1,37,2501,102,98
5/24/2019,1,33,3483,124,90
5/25/2019,1,34,2782,110,90
5/26/2019,1,15,2660,129,93
5/27/2019,1,28,3551,120,94
5/28/2019,1,22,2846,100,95
5/29/2019,1,29,3542,103,97
5/30/2019,1,35,3616,131,91
5/31/2019,1,29,3341,107,98
6/1/2019,1,39,3761,138,91
6/2/2019,1,20,2805,139,92
6/3/2019,1,31,2654,103,98
6/4/2019,1,26,3775,108,97
6/5/2019,1,24,2529,124,96
6/6/2019,1,43,3590,112,92
6/7/2019,1,37,3344,116,94
6/8/2019,1,38,2579,122,98
6/9/2019,1,23,3921,130,92
6/10/2019,1,41,2529,129,95
6/11/2019,1,33,3715,137,90
6/12/2019,1,37,3793,103,91
6/13/2019,1,36,2847,124,91
6/14/2019,1,37,3651,130,97
6/15/2019,1,39,3655,114,95
6/16/2019,1,24,2958,116,90
6/17/2019,1,23,3522,127,97
6/18/2019,1,31,2550,128,93
6/19/2019,1,29,3089,100,92
6/20/2019,1,31,2652,130,97
6/21/2019,1,40,2531,126,91
6/22/2019,1,32,3036,129,94
6/23/2019,1,26,3429,129,95
6/24/2019,1,28,3559,107,93
6/25/2019,1,30,3706,130,98
6/26/2019,1,29,2689,139,92
6/27/2019,1,29,2914,104,95
6/28/2019,1,33,3781,132,90
6/29/2019,1,42,3278,103,91
6/30/2019,1,24,3760,101,97
7/1/2019,1,31,2800,134,94
7/2/2019,1,35,3811,123,94
7/3/2019,1,32,3098,110,90
7/4/2019,1,35,2899,119,98
7/5/2019,1,30,2969,135,95
7/6/2019,1,44,2530,104,97
7/7/2019,1,30,3029,123,93
7/8/2019,1,39,3357,104,93
7/9/2019,1,35,2505,134,95
7/10/2019,1,39,3871,133,95
7/11/2019,1,36,2762,123,93
7/12/2019,1,50,2780,105,92
7/13/2019,1,35,2862,109,90
7/14/2019,1,36,3887,130,91
7/15/2019,1,34,3263,128,96
7/16/2019,1,38,2895,111,93
7/17/2019,1,34,3968,123,98
7/18/2019,1,47,3586,102,97
7/19/2019,1,33,3148,118,97
7/20/2019,1,45,2931,140,97
7/21/2019,1,31,2540,128,95
7/22/2019,1,44,3427,108,97
7/23/2019,1,24,3824,128,93
7/24/2019,1,38,2762,124,92
7/25/2019,1,45,3764,112,90
7/26/2019,1,34,2878,134,93
7/27/2019,1,40,3720,102,93
7/28/2019,1,31,3868,123,92
7/29/2019,1,25,3377,126,98
7/30/2019,1,33,3245,115,96
7/31/2019,1,33,2836,118,91
8/1/2019,1,31,2601,102,91
8/2/2019,1,40,2883,117,90
8/3/2019,1,37,3656,121,91
8/4/2019,1,23,3513,127,91
8/5/2019,1,32,3873,106,90
8/6/2019,1,23,3181,129,90
8/7/2019,1,23,3338,131,91
8/8/2019,1,40,3020,140,93
8/9/2019,1,30,2974,124,97
8/10/2019,1,29,3153,125,97
8/11/2019,1,25,3670,103,91
8/12/2019,1,32,2632,136,92
8/13/2019,1,33,2583,115,96
8/14/2019,1,24,2727,137,95
8/15/2019,1,28,2655,125,94
8/16/2019,1,24,3042,100,97
8/17/2019,1,39,3235,127,97
8/18/2019,1,27,3235,123,97
8/19/2019,1,24,3511,128,93
8/20/2019,1,23,3022,127,90
8/21/2019,1,29,3410,137,90
8/22/2019,1,34,3877,136,93
8/23/2019,1,25,3192,136,93
8/24/2019,1,36,2803,128,98
8/25/2019,1,20,2799,131,94
8/26/2019,1,28,2531,113,91
8/27/2019,1,35,3491,136,94
8/28/2019,1,34,3717,115,96
8/29/2019,1,31,3964,131,93
8/30/2019,1,35,3971,131,96
8/31/2019,1,41,3384,136,92
9/1/2019,1,23,3923,130,90
9/2/2019,1,30,2855,140,90
9/3/2019,1,24,3052,113,95
9/4/2019,1,44,2923,120,92
9/5/2019,1,26,2598,133,90
9/6/2019,1,38,3554,131,96
9/7/2019,1,30,3386,126,92
9/8/2019,1,26,2976,106,93
9/9/2019,1,25,3974,127,96
9/10/2019,1,34,2841,137,93
9/11/2019,1,22,2830,117,94
9/12/2019,1,26,3989,109,90
9/13/2019,1,28,2764,102,91
9/14/2019,1,44,3140,121,91
9/15/2019,1,29,3675,131,93
9/16/2019,1,28,3193,128,90
9/17/2019,1,21,3206,123,96
9/18/2019,1,32,3227,111,92
9/19/2019,1,30,2766,117,95
9/20/2019,1,36,2757,108,96
9/21/2019,1,24,3191,101,98
9/22/2019,1,29,3359,129,98
9/23/2019,1,19,3730,137,90
9/24/2019,1,22,2526,126,98
9/25/2019,1,35,2533,128,97
9/26/2019,1,31,3440,123,92
9/27/2019,1,35,3661,135,97
9/28/2019,1,29,2790,133,96
9/29/2019,1,26,3208,137,96
9/30/2019,1,26,3714,107,92
10/1/2019,1,21,3821,137,93
10/2/2019,1,23,2612,115,92
10/3/2019,1,35,3241,132,96
10/4/2019,1,31,3534,108,97
10/5/2019,1,34,3419,133,91
10/6/2019,1,26,3067,103,95
10/7/2019,1,27,3180,138,94
10/8/2019,1,28,2999,134,92
10/9/2019,1,25,3679,131,92
10/10/2019,1,34,2522,126,91
10/11/2019,1,28,2925,136,92
10/12/2019,1,31,3498,132,92
10/13/2019,1,28,3711,119,91
10/14/2019,1,24,3563,124,93
10/15/2019,1,22,3108,106,97
10/16/2019,1,23,3762,129,93
10/17/2019,1,26,3554,139,94
10/18/2019,1,33,3230,119,98
10/19/2019,1,31,3409,139,98
10/20/2019,1,28,2560,111,92
10/21/2019,1,24,3609,102,92
10/22/2019,1,35,2954,140,96
10/23/2019,1,26,3611,104,93
10/24/2019,1,24,2580,138,97
10/25/2019,1,38,2683,106,95
10/26/2019,1,26,3618,105,93
10/27/2019,1,22,2982,132,90
10/28/2019,1,27,3356,102,92
10/29/2019,1,27,3113,116,90
10/30/2019,1,25,3337,133,96
10/31/2019,1,25,3537,135,97
11/1/2019,1,35,3929,120,95
11/2/2019,1,30,3965,121,95
11/3/2019,1,20,3218,126,94
11/4/2019,1,25,3725,116,97
11/5/2019,1,27,3959,134,95
11/6/2019,1,40,2645,112,98
11/7/2019,1,29,3225,102,98
11/8/2019,1,28,3222,138,95
11/9/2019,1,37,2857,114,92
11/10/2019,1,24,3729,120,98
11/11/2019,1,18,2771,135,98
11/12/2019,1,22,3055,111,96
11/13/2019,1,23,3641,122,92
11/14/2019,1,29,3987,100,94
11/15/2019,1,31,3365,124,95
11/16/2019,1,33,2560,134,95
11/17/2019,1,23,2789,126,91
11/18/2019,1,27,3597,122,92
11/19/2019,1,32,3013,115,92
11/20/2019,1,33,3252,128,91
11/21/2019,1,28,3542,111,98
11/22/2019,1,28,3482,107,95
11/23/2019,1,42,2866,126,91
11/24/2019,1,28,3037,130,94
11/25/2019,1,28,3190,127,91
11/26/2019,1,33,3061,130,92
11/27/2019,1,24,3914,100,91
11/28/2019,1,34,3397,110,96
11/29/2019,1,32,2565,104,96
11/30/2019,1,32,2883,106,98
12/1/2019,1,18,2811,109,94
12/2/2019,1,18,3206,128,90
12/3/2019,1,16,2622,100,95
12/4/2019,1,23,3514,112,91
12/5/2019,1,23,3821,107,96
12/6/2019,1,20,3359,140,98
12/7/2019,1,23,3520,131,91
12/8/2019,1,20,3380,103,91
12/9/2019,1,15,3032,110,90
12/10/2019,1,17,3520,116,98
12/11/2019,1,19,2994,114,97
12/12/2019,1,15,2966,137,90
12/13/2019,1,17,2767,116,98
12/14/2019,1,20,3831,105,98
12/15/2019,1,17,2720,121,96
12/16/2019,1,25,3013,128,92
12/17/2019,1,23,3716,125,92
12/18/2019,1,21,2734,140,90
12/19/2019,1,21,3135,136,98
12/20/2019,1,17,3028,111,93
12/21/2019,1,27,3223,101,96
12/22/2019,1,22,2513,109,95
12/23/2019,1,23,3494,128,95
12/24/2019,1,24,2867,117,94
12/25/2019,1,26,3192,121,90
12/26/2019,1,25,3569,116,93
12/27/2019,1,23,2807,100,91
12/28/2019,1,19,3837,121,91
12/29/2019,1,23,2801,102,98
12/30/2019,1,20,2757,127,96
12/31/2019,1,20,3931,122,92
1/1/2020,1,20,3723,125,97
1/2/2020,1,17,3915,102,96
1/3/2020,1,26,3765,138,93
1/4/2020,1,24,2885,136,92
1/5/2020,1,10,3669,100,90
1/6/2020,1,15,2947,102,96
1/7/2020,1,12,3231,122,90
1/8/2020,1,20,3979,140,96
1/9/2020,1,17,3297,133,98
1/10/2020,1,27,3880,129,90
1/11/2020,1,21,3442,116,96
1/12/2020,1,10,2560,123,91
1/13/2020,1,20,2784,127,98
1/14/2020,1,13,2862,127,97
1/15/2020,1,12,3256,102,95
1/16/2020,1,22,2799,129,98
1/17/2020,1,22,2662,132,98
1/18/2020,1,28,2799,125,90
1/19/2020,1,11,2992,108,98
1/20/2020,1,9,3999,107,90
1/21/2020,1,22,3993,134,95
1/22/2020,1,10,2826,101,94
1/23/2020,1,29,2628,106,91
1/24/2020,1,30,2639,130,95
1/25/2020,1,26,3435,125,95
1/26/2020,1,13,2995,111,96
1/27/2020,1,16,3119,125,96
1/28/2020,1,26,2814,106,90
1/29/2020,1,17,3179,134,91
1/30/2020,1,23,2690,118,96
1/31/2020,1,23,3889,136,97
2/1/2020,1,29,3169,140,92
2/2/2020,1,17,3897,115,90
2/3/2020,1,25,3678,124,97
2/4/2020,1,20,2523,119,93
2/5/2020,1,27,2944,133,97
2/6/2020,1,21,2810,105,92
2/7/2020,1,25,3557,126,95
2/8/2020,1,25,3186,134,92
2/9/2020,1,15,2763,108,96
2/10/2020,1,16,3904,114,97
2/11/2020,1,23,3348,139,90
2/12/2020,1,18,2946,126,98
2/13/2020,1,19,3076,134,98
2/14/2020,1,27,2890,136,95
2/15/2020,1,23,3226,118,92
2/16/2020,1,17,3398,128,95
2/17/2020,1,19,3362,130,98
2/18/2020,1,6,3079,114,93
2/19/2020,1,13,3634,139,95
2/20/2020,1,28,2795,104,91
2/21/2020,1,33,2845,129,94
2/22/2020,1,31,3572,107,97
2/23/2020,1,19,3683,137,96
2/24/2020,1,19,3211,130,94
2/25/2020,1,23,3640,136,96
2/26/2020,1,14,3244,117,98
2/27/2020,1,27,2960,124,92
2/28/2020,1,24,3825,131,97
3/1/2020,1,37,3794,125,91
3/2/2020,1,24,3187,106,94
3/3/2020,1,21,3794,109,97
3/4/2020,1,28,2784,124,93
3/5/2020,1,33,3371,102,92
3/6/2020,1,29,3699,119,90
3/7/2020,1,33,2750,119,96
3/8/2020,1,31,2874,111,91
3/9/2020,1,26,2587,109,98
3/10/2020,1,26,3048,122,92
3/11/2020,1,20,3153,130,96
3/12/2020,1,32,2733,134,94
3/13/2020,1,27,3115,124,93
3/14/2020,1,17,2559,136,91
3/15/2020,1,18,2973,107,97
3/16/2020,1,19,3146,129,98
3/17/2020,1,21,3718,125,95
3/18/2020,1,24,3200,120,90
3/19/2020,1,16,2629,130,95
3/20/2020,1,34,3286,120,98
3/21/2020,1,34,3822,126,97
3/22/2020,1,39,3979,130,96
3/23/2020,1,20,3629,133,90
3/24/2020,1,26,3464,119,96
3/25/2020,1,20,3166,122,97
3/26/2020,1,25,2711,135,93
3/27/2020,1,34,2813,138,95
3/28/2020,1,35,3037,112,90
3/29/2020,1,22,3362,107,96
3/30/2020,1,21,3803,131,92
3/31/2020,1,29,3141,119,98
4/1/2020,1,22,3515,114,94
4/2/2020,1,27,3500,108,91
4/3/2020,1,34,3124,125,92
4/4/2020,1,37,2573,126,91
4/5/2020,1,32,2563,110,95
4/6/2020,1,30,3126,102,93
4/7/2020,1,33,3088,134,98
4/8/2020,1,25,3968,107,95
4/9/2020,1,28,3874,122,92
4/10/2020,1,35,3518,100,91
4/11/2020,1,29,3790,103,96
4/12/2020,1,33,3850,113,91
4/13/2020,1,26,2531,115,96
4/14/2020,1,25,3372,129,95
4/15/2020,1,19,2627,121,96
4/16/2020,1,25,3831,113,94
4/17/2020,1,25,3345,120,90
4/18/2020,1,37,3339,116,96
4/19/2020,1,25,3052,107,93
4/20/2020,1,19,3109,128,92
4/21/2020,1,24,2942,115,98
4/22/2020,1,31,3986,101,91
4/23/2020,1,20,3290,129,91
4/24/2020,1,33,3231,110,94
4/25/2020,1,29,3833,140,93
4/26/2020,1,35,2583,123,90
4/27/2020,1,18,2966,117,96
4/28/2020,1,24,3294,122,98
4/29/2020,1,28,2826,132,90
4/30/2020,1,40,3143,130,97
5/1/2020,1,37,3701,106,92
5/2/2020,1,41,3613,133,95
5/3/2020,1,37,3126,117,97
5/4/2020,1,22,3977,124,91
5/5/2020,1,26,3426,105,92
5/6/2020,1,37,2991,114,93
5/7/2020,1,32,2853,126,93
5/8/2020,1,33,3749,112,94
5/9/2020,1,32,3914,107,94
5/10/2020,1,40,3172,114,91
5/11/2020,1,23,2934,140,95
5/12/2020,1,30,2884,125,92
5/13/2020,1,25,2880,127,94
5/14/2020,1,39,3839,139,97
5/15/2020,1,32,3584,125,96
5/16/2020,1,32,2679,129,93
5/17/2020,1,39,2737,134,95
5/18/2020,1,22,2884,125,97
5/19/2020,1,34,2535,126,97
5/20/2020,1,16,2805,107,91
5/21/2020,1,28,3222,109,93
5/22/2020,1,36,3080,107,92
5/23/2020,1,53,2764,114,90
5/24/2020,1,32,2991,129,93
5/25/2020,1,25,3875,130,95
5/26/2020,1,33,3693,135,98
5/27/2020,1,21,3295,137,93
5/28/2020,1,25,3714,117,98
5/29/2020,1,30,2505,138,93
5/30/2020,1,27,2898,130,94
5/31/2020,1,38,3432,112,92
6/1/2020,1,28,2918,117,91
6/2/2020,1,36,3859,118,98
6/3/2020,1,31,2723,124,96
6/4/2020,1,35,2914,121,93
6/5/2020,1,41,2938,134,97
6/6/2020,1,49,3684,105,95
6/7/2020,1,46,3556,126,93
6/8/2020,1,26,3654,129,95
6/9/2020,1,31,3155,122,94
6/10/2020,1,28,3869,113,97
6/11/2020,1,29,2710,106,92
6/12/2020,1,42,3722,136,91
6/13/2020,1,38,3513,121,98
6/14/2020,1,45,3523,136,90
6/15/2020,1,31,3586,101,96
6/16/2020,1,39,3394,104,92
6/17/2020,1,30,2818,116,96
6/18/2020,1,36,3386,109,91
6/19/2020,1,41,3805,112,93
6/20/2020,1,48,2960,114,92
6/21/2020,1,37,3921,129,91
6/22/2020,1,25,3785,113,92
6/23/2020,1,31,3680,102,96
6/24/2020,1,24,2513,100,93
6/25/2020,1,33,3738,101,91
6/26/2020,1,35,3633,116,95
6/27/2020,1,31,3576,117,94
6/28/2020,1,51,3081,129,90
6/29/2020,1,31,3398,104,94
6/30/2020,1,27,3520,109,96
7/1/2020,1,33,3174,129,95
7/2/2020,1,40,3325,130,95
7/3/2020,1,46,2832,138,90
7/4/2020,1,51,2772,133,92
7/5/2020,1,43,3110,103,92
7/6/2020,1,33,3430,138,95
7/7/2020,1,45,3271,103,91
7/8/2020,1,41,2926,130,94
7/9/2020,1,43,3723,138,93
7/10/2020,1,29,3421,112,92
7/11/2020,1,31,3932,121,97
7/12/2020,1,42,3435,122,98
7/13/2020,1,44,2714,134,95
7/14/2020,1,41,3846,117,91
7/15/2020,1,35,2880,136,93
7/16/2020,1,37,3914,113,97
7/17/2020,1,43,3447,126,95
7/18/2020,1,50,3437,100,97
7/19/2020,1,35,3553,129,95
7/20/2020,1,23,3874,114,92
7/21/2020,1,37,3664,124,98
7/22/2020,1,21,2926,131,91
7/23/2020,1,36,2684,114,94
7/24/2020,1,35,2974,112,93
7/25/2020,1,43,2987,100,91
7/26/2020,1,49,3851,139,91
7/27/2020,1,34,3755,110,90
7/28/2020,1,30,3742,107,98
7/29/2020,1,23,3081,133,94
7/30/2020,1,35,3194,104,92
7/31/2020,1,47,3716,128,93
8/1/2020,1,28,3079,108,96
8/2/2020,1,19,2548,135,92
8/3/2020,1,28,3978,125,91
8/4/2020,1,32,3437,100,95
8/5/2020,1,30,2655,130,93
8/6/2020,1,44,3017,110,93
8/7/2020,1,31,2825,112,91
8/8/2020,1,37,3273,113,98
8/9/2020,1,40,3360,100,93
8/10/2020,1,33,2929,135,94
8/11/2020,1,35,3403,118,94
8/12/2020,1,26,2777,121,97
8/13/2020,1,34,3463,129,96
8/14/2020,1,29,3659,103,97
8/15/2020,1,35,3545,137,95
8/16/2020,1,30,3409,121,97
8/17/2020,1,30,3425,127,98
8/18/2020,1,22,3257,137,92
8/19/2020,1,37,3533,112,95
8/20/2020,1,33,3180,110,93
8/21/2020,1,28,2589,111,92
8/22/2020,1,40,3382,123,97
8/23/2020,1,33,3849,116,90
8/24/2020,1,26,2500,129,92
8/25/2020,1,24,3373,117,96
8/26/2020,1,23,3420,131,98
8/27/2020,1,38,2608,119,98
8/28/2020,1,32,2588,140,96
8/29/2020,1,28,3145,139,92
8/30/2020,1,41,3999,137,96
8/31/2020,1,26,3554,102,98
9/1/2020,1,30,3969,114,92
9/2/2020,1,31,3996,113,95
9/3/2020,1,25,3836,117,90
9/4/2020,1,34,3308,132,91
9/5/2020,1,28,3340,100,94
9/6/2020,1,36,3582,137,92
9/7/2020,1,26,3863,122,97
9/8/2020,1,24,3207,101,92
9/9/2020,1,24,2772,140,96
9/10/2020,1,23,3784,124,90
9/11/2020,1,27,2577,128,91
9/12/2020,1,37,3011,132,94
9/13/2020,1,37,3529,119,98
9/14/2020,1,27,3153,133,96
9/15/2020,1,22,2923,136,97
9/16/2020,1,28,3601,105,95
9/17/2020,1,35,3751,130,97
9/18/2020,1,28,3312,131,97
9/19/2020,1,26,2692,137,95
9/20/2020,1,35,3907,122,98
9/21/2020,1,24,3996,136,97
9/22/2020,1,25,2560,134,94
9/23/2020,1,19,2607,125,97
9/24/2020,1,27,3337,124,90
9/25/2020,1,28,3730,125,95
9/26/2020,1,41,3388,108,91
9/27/2020,1,29,3311,139,93
9/28/2020,1,25,3544,100,90
9/29/2020,1,22,3828,133,94
9/30/2020,1,21,3041,138,90
10/1/2020,1,28,3246,102,93
10/2/2020,1,33,3419,107,98
10/3/2020,1,25,3231,131,90
10/4/2020,1,33,3851,116,94
10/5/2020,1,21,2991,106,91
10/6/2020,1,31,3071,115,94
10/7/2020,1,20,3971,120,92
10/8/2020,1,27,3369,120,94
10/9/2020,1,29,3711,132,98
10/10/2020,1,45,2740,122,95
10/11/2020,1,35,3228,122,92
10/12/2020,1,29,2717,135,91
10/13/2020,1,31,3619,106,93
10/14/2020,1,22,3810,123,92
10/15/2020,1,24,2505,105,94
10/16/2020,1,30,2567,129,98
10/17/2020,1,38,3898,102,92
10/18/2020,1,34,3676,116,90
10/19/2020,1,14,2919,120,90
10/20/2020,1,29,2706,103,96
10/21/2020,1,29,3955,120,96
10/22/2020,1,34,3242,111,93
10/23/2020,1,39,2566,110,98
10/24/2020,1,34,3566,111,98
10/25/2020,1,29,3228,122,94
10/26/2020,1,23,3194,118,96
10/27/2020,1,24,3600,121,98
10/28/2020,1,41,2831,104,90
10/29/2020,1,32,3426,126,92
10/30/2020,1,32,2999,140,94
10/31/2020,1,39,3321,100,92
11/1/2020,1,29,3355,108,92
11/2/2020,1,28,3822,134,97
11/3/2020,1,25,3827,132,97
11/4/2020,1,25,2684,132,93
11/5/2020,1,33,3592,127,92
11/6/2020,1,38,3657,108,91
11/7/2020,1,29,2847,118,98
11/8/2020,1,42,3991,130,98
11/9/2020,1,23,2572,119,93
11/10/2020,1,24,2950,131,91
11/11/2020,1,32,3113,101,97
11/12/2020,1,29,3804,105,98
11/13/2020,1,43,2755,128,90
11/14/2020,1,25,2969,129,91
11/15/2020,1,35,3835,100,97
11/16/2020,1,24,3667,129,94
11/17/2020,1,30,3904,108,96
11/18/2020,1,23,3998,111,92
11/19/2020,1,35,3669,132,90
11/20/2020,1,34,2771,136,96
11/21/2020,1,30,3046,122,91
11/22/2020,1,32,3838,138,96
11/23/2020,1,20,3550,110,92
11/24/2020,1,29,3881,125,92
11/25/2020,1,24,3546,116,91
11/26/2020,1,25,3053,136,90
11/27/2020,1,31,3300,119,93
11/28/2020,1,38,3764,104,94
11/29/2020,1,39,3563,107,94
11/30/2020,1,27,3627,106,94
12/1/2020,1,18,3040,113,92
12/2/2020,1,24,3762,126,94
12/3/2020,1,20,3683,115,98
12/4/2020,1,27,2702,127,90
12/5/2020,1,20,3652,107,93
12/6/2020,1,22,3700,110,94
12/7/2020,1,21,3892,140,94
12/8/2020,1,21,3303,129,96
12/9/2020,1,19,3689,104,97
12/10/2020,1,23,2543,103,98
12/11/2020,1,18,3871,120,96
12/12/2020,1,16,2686,126,90
12/13/2020,1,23,3535,109,93
12/14/2020,1,15,3759,117,96
12/15/2020,1,18,3339,140,92
12/16/2020,1,21,3993,138,98
12/17/2020,1,21,3306,117,92
12/18/2020,1,31,3288,129,96
12/19/2020,1,17,3002,130,97
12/20/2020,1,14,2588,131,95
12/21/2020,1,13,3612,108,93
12/22/2020,1,21,3001,123,92
12/23/2020,1,19,3290,130,97
12/24/2020,1,25,3408,115,93
12/25/2020,1,29,3631,140,97
12/26/2020,1,19,3137,123,96
12/27/2020,1,29,2869,117,94
12/28/2020,1,22,3212,111,96
12/29/2020,1,17,2724,107,97
12/30/2020,1,25,3224,112,97
12/31/2020,1,25,3316,102,90
1/1/2021,1,31,3444,109,93
1/2/2021,1,20,2655,117,96
1/3/2021,1,34,3152,128,96
1/4/2021,1,17,3747,132,97
1/5/2021,1,22,3868,128,91
1/6/2021,1,16,3240,130,96
1/7/2021,1,22,2746,101,94
1/8/2021,1,23,2637,128,97
1/9/2021,1,24,3167,107,92
1/10/2021,1,24,3305,135,95
1/11/2021,1,23,3395,121,90
1/12/2021,1,22,3995,132,90
1/13/2021,1,22,2794,111,95
1/14/2021,1,18,3948,101,94
1/15/2021,1,22,3090,118,92
1/16/2021,1,15,3210,139,93
1/17/2021,1,24,3017,125,93
1/18/2021,1,17,3139,103,90
1/19/2021,1,14,2652,108,91
1/20/2021,1,14,2685,113,94
1/21/2021,1,11,3039,126,93
1/22/2021,1,17,2962,115,95
1/23/2021,1,24,2620,109,91
1/24/2021,1,14,3153,104,93
1/25/2021,1,19,3497,100,98
1/26/2021,1,24,2964,106,90
1/27/2021,1,30,2591,135,95
1/28/2021,1,18,3185,105,96
1/29/2021,1,23,3004,125,93
1/30/2021,1,27,3057,108,90
1/31/2021,1,19,3546,119,90
2/1/2021,1,13,3323,131,97
2/2/2021,1,20,2586,105,93
2/3/2021,1,15,3386,123,93
2/4/2021,1,23,2948,106,93
2/5/2021,1,26,2816,138,91
2/6/2021,1,26,2892,129,98
2/7/2021,1,33,3565,125,96
2/8/2021,1,16,3830,104,97
2/9/2021,1,27,3792,114,90
2/10/2021,1,29,3595,116,96
2/11/2021,1,27,3740,100,94
2/12/2021,1,28,2638,105,93
2/13/2021,1,35,2943,129,93
2/14/2021,1,24,2654,112,91
2/15/2021,1,15,2640,124,96
2/16/2021,1,20,3749,114,98
2/17/2021,1,21,3679,123,97
2/18/2021,1,21,2721,135,91
2/19/2021,1,36,3149,134,98
2/20/2021,1,36,3692,118,92
2/21/2021,1,21,2799,102,95
2/22/2021,1,21,2994,136,96
2/23/2021,1,18,3227,123,91
2/24/2021,1,21,3849,102,95
2/25/2021,1,20,3525,116,90
2/26/2021,1,24,3794,105,98
2/27/2021,1,22,3195,120,92
2/28/2021,1,29,2699,104,90
2/29/2021,1,18,3982,111,94
3/1/2021,1,27,2713,125,92
3/2/2021,1,28,2587,133,90
3/3/2021,1,28,2539,132,98
3/4/2021,1,30,3959,111,97
3/5/2021,1,41,3148,130,98
3/6/2021,1,32,2624,113,96
3/7/2021,1,21,3039,109,96
3/8/2021,1,31,3332,100,90
3/9/2021,1,26,3989,100,93
3/10/2021,1,33,3342,112,96
3/11/2021,1,28,3856,122,96
3/12/2021,1,35,2841,105,97
3/13/2021,1,36,3190,119,90
3/14/2021,1,18,2681,139,94
3/15/2021,1,18,3800,109,94
3/16/2021,1,26,3041,127,92
3/17/2021,1,28,3609,137,98
3/18/2021,1,28,3763,122,98
3/19/2021,1,29,3516,106,92
3/20/2021,1,27,3589,116,95
3/21/2021,1,23,3335,114,98
3/22/2021,1,29,3909,123,94
3/23/2021,1,27,3916,131,97
3/24/2021,1,23,3444,121,97
3/25/2021,1,28,2558,128,98
3/26/2021,1,22,3467,130,93
3/27/2021,1,34,2964,133,92
3/28/2021,1,25,2627,138,91
3/29/2021,1,36,3549,123,95
3/30/2021,1,27,3190,140,94
3/31/2021,1,24,3829,124,94
4/1/2021,1,38,3642,118,97
4/2/2021,1,34,2839,114,97
4/3/2021,1,37,2830,134,92
4/4/2021,1,30,3806,130,97
4/5/2021,1,29,2684,134,92
4/6/2021,1,27,2939,108,95
4/7/2021,1,38,2949,132,90
4/8/2021,1,40,2612,122,92
4/9/2021,1,40,2597,110,90
4/10/2021,1,42,3503,121,91
4/11/2021,1,30,3177,113,97
4/12/2021,1,29,3843,109,95
4/13/2021,1,22,3088,138,95
4/14/2021,1,50,3139,106,95
4/15/2021,1,31,2637,113,96
4/16/2021,1,39,3029,126,95
4/17/2021,1,41,3007,114,92
4/18/2021,1,18,3958,130,91
4/19/2021,1,22,3695,134,97
4/20/2021,1,32,2886,106,93
4/21/2021,1,37,3430,133,93
4/22/2021,1,31,2819,106,98
4/23/2021,1,26,3270,101,97
4/24/2021,1,43,2870,112,96
4/25/2021,1,33,3032,117,95
4/26/2021,1,31,3018,112,91
4/27/2021,1,25,2588,122,98
4/28/2021,1,28,3918,124,92
4/29/2021,1,31,3058,119,95
4/30/2021,1,42,2822,125,93
5/1/2021,1,46,2721,126,98
5/2/2021,1,24,3562,134,94
5/3/2021,1,29,3655,107,95
5/4/2021,1,28,3502,107,95
5/5/2021,1,27,3636,129,98
5/6/2021,1,46,2769,127,96
5/7/2021,1,41,3355,102,92
5/8/2021,1,37,3086,119,95
5/9/2021,1,31,3042,121,91
5/10/2021,1,23,3670,140,93
5/11/2021,1,23,3134,101,90
5/12/2021,1,22,2529,128,95
5/13/2021,1,44,3806,118,94
5/14/2021,1,39,2764,122,97
5/15/2021,1,37,3744,138,92
5/16/2021,1,24,2777,117,98
5/17/2021,1,26,2774,132,96
5/18/2021,1,29,3743,123,91
5/19/2021,1,33,3727,120,93
5/20/2021,1,31,3716,111,96
5/21/2021,1,44,2771,138,98
5/22/2021,1,28,3595,133,91
5/23/2021,1,25,3945,124,92
5/24/2021,1,39,3347,136,98
5/25/2021,1,37,3140,113,91
5/26/2021,1,40,3768,115,92
5/27/2021,1,23,3601,126,91
5/28/2021,1,29,2812,124,94
5/29/2021,1,47,2764,119,93
5/30/2021,1,27,3085,133,93
5/31/2021,1,31,3555,139,97
6/1/2021,1,37,2757,129,91
6/2/2021,1,34,3697,132,98
6/3/2021,1,42,2585,119,91
6/4/2021,1,49,3816,138,95
6/5/2021,1,42,2737,120,91
6/6/2021,1,40,3048,120,94
6/7/2021,1,40,3962,130,90
6/8/2021,1,29,2730,134,95
6/9/2021,1,40,3458,129,95
6/10/2021,1,36,3744,120,95
6/11/2021,1,42,3216,118,94
6/12/2021,1,44,3569,122,91
6/13/2021,1,41,2666,115,96
6/14/2021,1,39,3346,126,97
6/15/2021,1,43,3615,113,94
6/16/2021,1,37,3347,103,94
6/17/2021,1,46,2701,121,90
6/18/2021,1,36,3272,115,91
6/19/2021,1,38,3630,128,97
6/20/2021,1,22,2768,108,93
6/21/2021,1,44,3546,109,92
6/22/2021,1,39,3038,116,97
6/23/2021,1,32,2983,100,98
6/24/2021,1,44,3933,101,97
6/25/2021,1,58,3368,116,94
6/26/2021,1,37,3948,115,94
6/27/2021,1,32,3879,127,91
6/28/2021,1,39,3014,107,90
6/29/2021,1,34,3633,101,98
6/30/2021,1,41,2820,101,91
7/1/2021,1,48,2607,125,91
7/2/2021,1,34,2687,111,98
7/3/2021,1,54,3492,131,90
7/4/2021,1,31,3208,139,90
7/5/2021,1,37,3872,114,94
7/6/2021,1,42,2699,102,96
7/7/2021,1,35,3634,108,94
7/8/2021,1,45,3343,110,90
7/9/2021,1,53,3383,105,93
7/10/2021,1,45,3194,102,91
7/11/2021,1,32,2913,139,93
7/12/2021,1,28,2955,102,97
7/13/2021,1,42,2644,123,94
7/14/2021,1,34,2765,122,93
7/15/2021,1,32,2608,121,94
7/16/2021,1,44,3918,128,91
7/17/2021,1,37,3854,118,93
7/18/2021,1,32,3427,111,91
7/19/2021,1,36,3550,122,98
7/20/2021,1,48,3515,126,92
7/21/2021,1,41,3669,126,92
7/22/2021,1,35,3736,111,93
7/23/2021,1,47,3280,125,97
7/24/2021,1,38,3203,137,96
7/25/2021,1,38,3080,134,92
7/26/2021,1,37,3951,101,95
7/27/2021,1,33,3562,139,96
7/28/2021,1,42,3990,132,97
7/29/2021,1,36,3566,130,98
7/30/2021,1,49,2529,126,90
7/31/2021,1,50,2936,139,97
8/1/2021,1,30,2903,111,97
8/2/2021,1,42,3494,105,91
8/3/2021,1,30,2655,112,90
8/4/2021,1,33,3662,110,94
8/5/2021,1,36,2887,100,94
8/6/2021,1,43,2717,105,98
8/7/2021,1,32,3414,123,90
8/8/2021,1,37,3043,122,93
8/9/2021,1,25,3383,139,95
8/10/2021,1,29,3155,129,91
8/11/2021,1,39,3593,127,98
8/12/2021,1,37,3875,109,92
8/13/2021,1,30,3335,130,97
8/14/2021,1,31,3038,115,97
8/15/2021,1,30,3369,127,97
8/16/2021,1,31,3813,106,90
8/17/2021,1,30,3761,118,93
8/18/2021,1,38,3456,105,98
8/19/2021,1,27,3812,137,98
8/20/2021,1,31,2954,133,93
8/21/2021,1,35,2909,139,94
8/22/2021,1,27,2784,102,95
8/23/2021,1,34,3803,103,90
8/24/2021,1,32,2651,101,98
8/25/2021,1,23,3133,108,94
8/26/2021,1,36,2949,123,92
8/27/2021,1,48,2673,118,92
8/28/2021,1,34,3432,139,97
8/29/2021,1,21,3967,106,92
8/30/2021,1,26,3764,132,95
8/31/2021,1,31,3602,107,91
9/1/2021,1,37,3683,128,90
9/2/2021,1,34,2980,138,90
9/3/2021,1,40,3664,119,96
9/4/2021,1,39,3846,116,91
9/5/2021,1,19,2794,108,97
9/6/2021,1,34,2985,107,95
9/7/2021,1,32,2540,137,94
9/8/2021,1,30,3684,111,92
9/9/2021,1,28,3049,109,91
9/10/2021,1,27,3464,118,91
9/11/2021,1,35,3227,139,94
9/12/2021,1,29,3614,140,93
9/13/2021,1,33,2861,108,96
9/14/2021,1,31,3652,118,93
9/15/2021,1,24,3195,140,92
9/16/2021,1,33,3579,113,96
9/17/2021,1,37,3527,112,90
9/18/2021,1,34,2894,103,95
9/19/2021,1,23,3489,131,97
9/20/2021,1,31,3356,129,95
9/21/2021,1,22,2527,133,92
9/22/2021,1,39,3335,108,94
9/23/2021,1,33,3131,119,90
9/24/2021,1,43,2982,114,97
9/25/2021,1,43,3626,127,94
9/26/2021,1,23,3748,108,95
9/27/2021,1,29,2511,124,98
9/28/2021,1,27,3288,113,97
9/29/2021,1,34,2524,124,95
9/30/2021,1,41,3526,138,90
10/1/2021,1,22,3193,124,98
10/2/2021,1,39,3475,123,93
10/3/2021,1,24,2793,134,96
10/4/2021,1,24,3484,109,94
10/5/2021,1,28,3894,105,94
10/6/2021,1,27,2739,129,95
10/7/2021,1,33,2521,107,97
10/8/2021,1,40,3617,114,96
10/9/2021,1,39,2829,132,97
10/10/2021,1,21,2860,113,96
10/11/2021,1,40,3231,102,97
10/12/2021,1,22,2760,119,96
10/13/2021,1,31,3627,128,94
10/14/2021,1,28,3704,137,97
10/15/2021,1,31,3516,125,97
10/16/2021,1,33,3165,137,91
10/17/2021,1,30,2746,101,94
10/18/2021,1,18,3034,124,95
10/19/2021,1,28,2861,129,93
10/20/2021,1,37,2804,109,92
10/21/2021,1,25,3240,132,96
10/22/2021,1,31,3264,106,97
10/23/2021,1,38,3467,112,94
10/24/2021,1,22,3251,128,96
10/25/2021,1,24,2753,127,98
10/26/2021,1,15,3233,112,96
10/27/2021,1,30,3579,115,90
10/28/2021,1,26,3636,113,93
10/29/2021,1,38,2983,102,96
10/30/2021,1,25,3826,134,91
10/31/2021,1,20,3599,128,96
11/1/2021,1,27,3836,110,90
11/2/2021,1,26,3386,100,97
11/3/2021,1,34,3708,109,90
11/4/2021,1,38,3940,114,97
11/5/2021,1,43,2654,101,94
11/6/2021,1,43,2600,131,96
11/7/2021,1,30,3366,124,96
11/8/2021,1,21,3599,113,94
11/9/2021,1,21,3618,116,90
11/10/2021,1,20,3916,126,96
11/11/2021,1,43,3346,132,92
11/12/2021,1,39,3343,116,91
11/13/2021,1,44,3686,111,91
11/14/2021,1,24,3215,122,93
11/15/2021,1,22,2862,132,91
11/16/2021,1,27,3663,112,93
11/17/2021,1,25,3792,134,94
11/18/2021,1,42,2941,117,93
11/19/2021,1,33,3368,135,97
11/20/2021,1,30,2628,134,91
11/21/2021,1,32,3151,101,98
11/22/2021,1,32,2772,133,97
11/23/2021,1,35,3514,131,98
11/24/2021,1,30,3365,123,97
11/25/2021,1,44,2923,100,93
11/26/2021,1,35,2612,114,93
11/27/2021,1,24,3308,128,98
11/28/2021,1,24,2918,102,97
11/29/2021,1,26,2570,121,95
11/30/2021,1,24,3194,134,96
12/1/2021,1,27,3490,118,96
12/2/2021,1,17,2536,117,91
12/3/2021,1,29,2879,130,95
12/4/2021,1,26,3728,102,95
12/5/2021,1,31,2571,117,92
12/6/2021,1,20,3182,106,97
12/7/2021,1,22,2571,140,91
12/8/2021,1,18,3016,132,95
12/9/2021,1,27,2814,139,93
12/10/2021,1,27,2832,120,95
12/11/2021,1,34,3039,126,97
12/12/2021,1,16,3675,123,94
12/13/2021,1,22,2542,138,90
12/14/2021,1,18,3258,119,91
12/15/2021,1,25,3783,109,94
12/16/2021,1,29,3006,119,96
12/17/2021,1,17,3280,105,96
12/18/2021,1,24,2563,106,94
12/19/2021,1,28,3142,129,90
12/20/2021,1,16,3254,122,95
12/21/2021,1,18,2637,124,94
12/22/2021,1,25,3259,101,94
12/23/2021,1,20,3062,116,94
12/24/2021,1,23,3876,117,97
12/25/2021,1,21,2520,124,98
12/26/2021,1,22,3024,116,93
12/27/2021,1,19,3206,105,90
12/28/2021,1,25,2577,126,98
12/29/2021,1,25,3164,135,91
12/30/2021,1,33,3597,124,96
12/31/2021,1,24,3815,100,94
1/1/2022,1,33,3521,124,94
1/2/2022,1,19,2801,137,90
1/3/2022,1,20,3973,111,98
1/4/2022,1,18,2858,110,98
1/5/2022,1,20,3407,123,90
1/6/2022,1,30,2844,130,91
1/7/2022,1,24,2691,111,95
1/8/2022,1,18,3734,126,97
1/9/2022,1,19,3607,140,97
1/10/2022,1,24,3957,108,93
1/11/2022,1,16,3332,122,90
1/12/2022,1,21,3913,114,93
1/13/2022,1,30,3218,120,98
1/14/2022,1,24,3153,126,94
1/15/2022,1,23,2532,139,91
1/16/2022,1,16,2699,119,90
1/17/2022,1,21,3547,136,90
1/18/2022,1,21,3147,105,92
1/19/2022,1,23,2712,127,96
1/20/2022,1,35,3650,102,91
1/21/2022,1,17,3431,128,95
1/22/2022,1,25,3821,100,93
1/23/2022,1,16,3966,118,95
1/24/2022,1,22,3878,131,96
1/25/2022,1,11,3193,120,95
1/26/2022,1,21,3930,119,97
1/27/2022,1,23,3963,129,95
1/28/2022,1,18,2940,133,92
1/29/2022,1,24,3678,107,94
1/30/2022,1,16,3325,105,94
1/31/2022,1,17,3683,108,96
2/1/2022,1,22,3220,116,97
2/2/2022,1,28,2666,134,96
2/3/2022,1,22,3649,131,91
2/4/2022,1,25,3344,136,93
2/5/2022,1,37,3698,101,91
2/6/2022,1,18,2716,125,90
2/7/2022,1,24,3587,126,90
2/8/2022,1,24,2974,131,91
2/9/2022,1,31,3466,108,94
2/10/2022,1,28,3987,129,98
2/11/2022,1,29,3641,104,98
2/12/2022,1,32,3176,122,92
2/13/2022,1,10,3022,114,96
2/14/2022,1,27,3621,125,95
2/15/2022,1,25,2717,115,92
2/16/2022,1,25,2583,137,92
2/17/2022,1,21,2945,132,92
2/18/2022,1,26,2529,137,92
2/19/2022,1,34,3405,105,91
2/20/2022,1,19,3388,101,90
2/21/2022,1,16,3567,124,91
2/22/2022,1,19,3219,122,95
2/23/2022,1,20,2842,132,94
2/24/2022,1,29,2820,137,96
2/25/2022,1,29,3305,109,96
2/26/2022,1,28,2686,129,97
2/27/2022,1,22,3401,111,93
2/28/2022,1,17,3915,133,95
3/1/2022,1,32,2977,139,96
3/2/2022,1,23,2679,101,91
3/3/2022,1,34,3314,100,93
3/4/2022,1,36,3867,117,92
3/5/2022,1,40,2664,123,95
3/6/2022,1,19,3411,125,98
3/7/2022,1,17,2867,128,95
3/8/2022,1,23,3762,135,96
3/9/2022,1,28,3468,102,97
3/10/2022,1,31,2647,140,94
3/11/2022,1,29,2520,137,95
3/12/2022,1,30,3090,132,90
3/13/2022,1,21,3578,136,90
3/14/2022,1,24,3507,129,98
3/15/2022,1,25,3628,136,95
3/16/2022,1,23,2890,127,91
3/17/2022,1,28,2673,114,90
3/18/2022,1,32,2794,108,92
3/19/2022,1,32,3371,100,90
3/20/2022,1,22,2738,103,97
3/21/2022,1,31,3396,120,97
3/22/2022,1,24,2660,117,92
3/23/2022,1,29,3439,133,94
3/24/2022,1,27,3407,102,91
3/25/2022,1,33,3770,110,98
3/26/2022,1,37,3001,122,90
3/27/2022,1,15,3509,138,95
3/28/2022,1,28,3929,107,94
3/29/2022,1,18,3803,130,93
3/30/2022,1,25,3874,119,91
3/31/2022,1,26,2725,109,95
4/1/2022,1,41,2870,122,94
4/2/2022,1,38,2716,131,95
4/3/2022,1,27,3575,133,92
4/4/2022,1,32,3299,134,91
4/5/2022,1,34,2571,108,96
4/6/2022,1,38,3014,102,92
4/7/2022,1,32,3180,138,90
4/8/2022,1,43,3609,100,98
4/9/2022,1,37,2755,106,93
4/10/2022,1,27,2682,114,94
4/11/2022,1,21,2912,106,97
4/12/2022,1,25,3427,127,96
4/13/2022,1,22,3305,137,93
4/14/2022,1,35,2585,100,90
4/15/2022,1,48,3224,101,91
4/16/2022,1,42,3859,109,91
4/17/2022,1,26,3577,131,90
4/18/2022,1,37,3036,102,91
4/19/2022,1,37,3629,138,96
4/20/2022,1,40,3010,119,93
4/21/2022,1,34,3118,114,94
4/22/2022,1,40,2849,136,90
4/23/2022,1,34,3058,134,93
4/24/2022,1,35,2965,130,92
4/25/2022,1,24,3295,101,98
4/26/2022,1,40,3972,139,90
4/27/2022,1,34,3597,118,98
4/28/2022,1,34,2883,129,98
4/29/2022,1,31,2564,137,92
4/30/2022,1,33,2550,112,95
5/1/2022,1,25,3176,124,96
5/2/2022,1,33,3457,135,94
5/3/2022,1,45,3367,102,90
5/4/2022,1,32,3996,115,97
5/5/2022,1,35,3832,135,91
5/6/2022,1,38,2780,140,93
5/7/2022,1,51,3406,136,93
5/8/2022,1,21,3955,139,96
5/9/2022,1,32,3224,123,92
5/10/2022,1,35,2512,119,96
5/11/2022,1,27,3767,111,90
5/12/2022,1,45,3629,108,96
5/13/2022,1,40,3278,122,98
5/14/2022,1,50,3443,140,96
5/15/2022,1,21,3920,111,94
5/16/2022,1,37,3823,100,95
5/17/2022,1,28,3233,103,95
5/18/2022,1,41,3036,127,93
5/19/2022,1,41,3290,109,96
5/20/2022,1,31,2829,129,91
5/21/2022,1,49,2924,105,95
5/22/2022,1,25,3815,125,93
5/23/2022,1,27,3123,103,93
5/24/2022,1,28,3916,120,95
5/25/2022,1,41,3699,106,91
5/26/2022,1,40,2818,130,94
5/27/2022,1,47,2630,104,91
5/28/2022,1,36,3755,129,94
5/29/2022,1,29,3967,132,92
5/30/2022,1,35,3365,106,91
5/31/2022,1,29,3501,116,96
6/1/2022,1,41,3901,105,96
6/2/2022,1,44,3236,119,95
6/3/2022,1,38,2638,120,93
6/4/2022,1,51,2772,118,95
6/5/2022,1,32,3638,126,92
6/6/2022,1,39,2864,140,97
6/7/2022,1,39,3647,135,97
6/8/2022,1,37,3533,137,90
6/9/2022,1,44,2702,136,93
6/10/2022,1,45,3610,134,96
6/11/2022,1,43,3123,138,90
6/12/2022,1,18,3116,137,94
6/13/2022,1,31,3009,130,94
6/14/2022,1,43,3799,131,98
6/15/2022,1,38,3535,140,97
6/16/2022,1,33,3562,118,98
6/17/2022,1,42,2937,113,92
6/18/2022,1,57,2950,139,98
6/19/2022,1,35,3169,132,91
6/20/2022,1,37,2512,134,92
6/21/2022,1,39,3472,117,96
6/22/2022,1,29,2864,105,91
6/23/2022,1,31,3035,137,95
6/24/2022,1,43,2524,114,90
6/25/2022,1,43,3665,132,96
6/26/2022,1,17,3890,129,95
6/27/2022,1,31,2729,116,90
6/28/2022,1,33,4000,140,98
6/29/2022,1,42,2904,135,95
6/30/2022,1,39,3294,122,90
7/1/2022,1,44,2554,115,97
7/2/2022,1,48,2557,119,90
7/3/2022,1,42,2876,121,91
7/4/2022,1,29,2906,140,91
7/5/2022,1,35,3996,131,92
7/6/2022,1,44,2800,100,90
7/7/2022,1,44,3489,129,97
7/8/2022,1,53,2763,117,97
7/9/2022,1,53,2963,126,97
7/10/2022,1,38,3400,114,98
7/11/2022,1,49,3742,133,94
7/12/2022,1,45,2871,104,96
7/13/2022,1,40,3351,120,97
7/14/2022,1,46,3646,103,93
7/15/2022,1,50,3034,107,90
7/16/2022,1,53,3024,139,90
7/17/2022,1,31,3021,128,98
7/18/2022,1,40,3604,130,92
7/19/2022,1,44,3728,139,92
7/20/2022,1,38,3363,137,94
7/21/2022,1,33,2791,102,98
7/22/2022,1,55,3675,125,93
7/23/2022,1,47,2677,118,94
7/24/2022,1,38,3189,115,90
7/25/2022,1,43,2700,112,90
7/26/2022,1,30,2967,135,98
7/27/2022,1,34,3614,129,96
7/28/2022,1,55,2994,140,93
7/29/2022,1,44,2567,136,90
7/30/2022,1,43,2949,100,90
7/31/2022,1,38,3512,104,97
8/1/2022,1,34,2885,100,90
8/2/2022,1,36,3187,100,91
8/3/2022,1,31,2824,128,95
8/4/2022,1,37,3153,111,96
8/5/2022,1,45,3276,131,91
8/6/2022,1,37,3595,139,98
8/7/2022,1,31,3455,117,91
8/8/2022,1,29,3181,119,94
8/9/2022,1,39,2738,135,92
8/10/2022,1,41,3006,126,93
8/11/2022,1,50,3220,123,98
8/12/2022,1,42,3500,109,90
8/13/2022,1,35,3525,135,97
8/14/2022,1,27,3878,110,91
8/15/2022,1,38,2910,114,98
8/16/2022,1,35,2556,112,98
8/17/2022,1,38,2551,138,98
8/18/2022,1,41,2555,111,91
8/19/2022,1,37,3118,106,98
8/20/2022,1,44,3581,135,95
8/21/2022,1,39,3078,137,95
8/22/2022,1,28,3851,117,98
8/23/2022,1,29,3711,125,95
8/24/2022,1,33,3345,100,91
8/25/2022,1,33,3335,108,91
8/26/2022,1,43,3680,125,97
8/27/2022,1,43,3764,103,98
8/28/2022,1,39,2653,103,95
8/29/2022,1,20,3653,108,92
8/30/2022,1,27,3334,104,90
8/31/2022,1,39,2705,125,96
9/1/2022,1,42,3277,137,91
9/2/2022,1,39,3306,100,97
9/3/2022,1,39,2564,117,92
9/4/2022,1,32,3127,120,98
9/5/2022,1,24,2512,112,94
9/6/2022,1,29,2760,127,92
9/7/2022,1,33,2684,119,96
9/8/2022,1,29,3721,121,94
9/9/2022,1,49,3370,109,96
9/10/2022,1,35,3713,105,90
9/11/2022,1,31,3067,125,96
9/12/2022,1,33,3533,120,97
9/13/2022,1,28,2926,124,98
9/14/2022,1,29,3989,138,98
9/15/2022,1,38,2576,134,95
9/16/2022,1,36,3615,133,94
9/17/2022,1,47,2885,134,93
9/18/2022,1,26,3600,126,90
9/19/2022,1,30,3976,114,93
9/20/2022,1,23,3577,116,93
9/21/2022,1,38,2925,105,96
9/22/2022,1,28,3289,138,95
9/23/2022,1,35,2568,110,98
9/24/2022,1,38,3840,140,90
9/25/2022,1,32,3212,128,96
9/26/2022,1,24,3646,127,90
9/27/2022,1,30,3780,106,92
9/28/2022,1,29,2735,128,97
9/29/2022,1,42,2655,101,97
9/30/2022,1,32,2920,119,97
10/1/2022,1,42,2774,133,96
10/2/2022,1,21,3825,134,95
10/3/2022,1,28,3527,100,90
10/4/2022,1,23,3068,122,94
10/5/2022,1,36,2606,129,98
10/6/2022,1,47,2771,124,96
10/7/2022,1,30,2933,121,94
10/8/2022,1,42,2911,115,93
10/9/2022,1,16,2596,131,96
10/10/2022,1,37,3699,139,94
10/11/2022,1,39,3387,109,98
10/12/2022,1,33,2840,125,98
10/13/2022,1,32,3764,101,98
10/14/2022,1,34,3674,135,95
10/15/2022,1,36,2525,135,90
10/16/2022,1,27,3357,130,92
10/17/2022,1,29,3110,134,98
10/18/2022,1,25,3145,111,94
10/19/2022,1,20,3051,129,96
10/20/2022,1,38,2868,133,90
10/21/2022,1,43,3596,137,91
10/22/2022,1,33,3091,102,92
10/23/2022,1,28,2842,140,96
10/24/2022,1,37,2982,138,92
10/25/2022,1,29,3767,107,92
10/26/2022,1,43,3431,105,91
10/27/2022,1,28,3676,113,97
10/28/2022,1,34,3078,131,90
10/29/2022,1,34,3308,107,92
10/30/2022,1,32,2848,134,90
10/31/2022,1,22,3457,127,90
11/1/2022,1,35,3946,115,98
11/2/2022,1,35,3399,102,91
11/3/2022,1,33,3319,122,97
11/4/2022,1,46,2991,129,97
11/5/2022,1,38,2839,129,94
11/6/2022,1,28,2848,103,91
11/7/2022,1,28,3383,127,92
11/8/2022,1,29,3295,113,95
11/9/2022,1,28,3124,140,97
11/10/2022,1,32,2785,105,94
11/11/2022,1,38,2958,136,97
11/12/2022,1,33,3833,131,96
11/13/2022,1,21,3139,139,97
11/14/2022,1,32,2720,115,96
11/15/2022,1,19,3349,134,98
11/16/2022,1,28,3687,119,97
11/17/2022,1,34,3146,140,98
11/18/2022,1,45,3266,105,98
11/19/2022,1,45,2976,126,90
11/20/2022,1,27,3871,116,93
11/21/2022,1,41,2799,128,93
11/22/2022,1,33,3672,134,91
11/23/2022,1,41,3461,125,96
11/24/2022,1,38,2762,136,91
11/25/2022,1,26,3779,124,90
11/26/2022,1,44,2853,111,95
11/27/2022,1,29,3824,115,94
11/28/2022,1,36,3668,140,94
11/29/2022,1,24,3491,103,95
11/30/2022,1,31,3929,115,90
12/1/2022,1,31,2583,114,96
12/2/2022,1,24,2646,104,93
12/3/2022,1,20,3691,107,97
12/4/2022,1,10,3771,131,93
12/5/2022,1,14,2867,125,91
12/6/2022,1,12,3172,101,93
12/7/2022,1,21,2634,122,96
12/8/2022,1,27,2558,140,96
12/9/2022,1,29,3306,100,91
12/10/2022,1,29,3037,136,90
12/11/2022,1,16,3707,126,96
12/12/2022,1,20,3584,105,91
12/13/2022,1,23,2877,106,95
12/14/2022,1,18,3319,123,95
12/15/2022,1,25,3453,128,95
12/16/2022,1,30,3174,123,91
12/17/2022,1,45,3234,125,93
12/18/2022,1,20,3795,134,95
12/19/2022,1,16,3397,102,91
12/20/2022,1,19,3030,133,94
12/21/2022,1,21,2533,110,92
12/22/2022,1,28,2661,116,93
12/23/2022,1,18,2914,137,95
12/24/2022,1,28,3463,114,90
12/25/2022,1,18,3653,138,90
12/26/2022,1,25,3868,119,97
12/27/2022,1,19,3919,138,92
12/28/2022,1,21,3607,134,96
12/29/2022,1,18,3075,120,95
12/30/2022,1,24,2855,134,97
12/31/2022,1,31,3942,133,91
1/1/2018,1,19,3255,105,93
1/2/2018,1,8,2808,129,98
1/3/2018,1,10,3951,108,97
1/4/2018,1,15,3564,131,95
1/5/2018,1,22,3432,113,93
1/6/2018,1,22,3605,116,95
1/7/2018,1,7,2730,136,94
1/8/2018,1,15,2947,112,97
1/9/2018,1,9,2675,130,92
1/10/2018,1,7,2555,111,93
1/11/2018,1,19,3009,138,91
1/12/2018,1,16,3670,116,97
1/13/2018,1,14,3326,136,95
1/14/2018,1,9,3501,101,93
1/15/2018,1,14,3433,116,92
1/16/2018,1,13,2668,103,92
1/17/2018,1,18,3732,138,98
1/18/2018,1,19,2824,120,97
1/19/2018,1,19,2538,107,97
1/20/2018,1,18,3425,129,96
1/21/2018,1,14,3098,134,94
1/22/2018,1,13,2827,140,90
1/23/2018,1,17,3881,131,98
1/24/2018,1,12,3530,118,96
1/25/2018,1,19,3968,106,94
1/26/2018,1,14,2984,104,90
1/27/2018,1,13,2794,102,94
1/28/2018,1,5,3469,117,95
1/29/2018,1,20,3094,117,97
1/30/2018,1,16,3651,120,92
1/31/2018,1,17,3488,101,98
2/1/2018,1,21,2582,111,97
2/2/2018,1,21,3146,110,91
2/3/2018,1,18,2561,137,96
2/4/2018,1,10,3694,135,94
2/5/2018,1,17,2781,103,95
2/6/2018,1,15,3097,123,96
2/7/2018,1,10,3001,136,97
2/8/2018,1,8,2695,101,95
2/9/2018,1,20,3027,138,98
2/10/2018,1,6,3265,104,93
2/11/2018,1,13,3970,115,93
2/12/2018,1,14,3275,138,93
2/13/2018,1,12,3126,124,98
2/14/2018,1,12,3659,139,94
2/15/2018,1,14,2666,138,98
2/16/2018,1,15,3413,125,94
2/17/2018,1,20,2654,103,98
2/18/2018,1,10,2501,120,93
2/19/2018,1,4,3635,136,96
2/20/2018,1,12,3016,132,98
2/21/2018,1,19,2950,140,97
2/22/2018,1,17,2956,114,94
2/23/2018,1,20,3275,129,94
2/24/2018,1,24,3517,102,96
2/25/2018,1,17,3029,115,93
2/26/2018,1,13,3987,113,95
2/27/2018,1,17,3821,128,92
2/28/2018,1,22,2819,135,97
3/1/2018,1,15,2612,115,93
3/2/2018,1,19,3624,120,91
3/3/2018,1,21,3467,138,91
3/4/2018,1,17,2544,110,91
3/5/2018,1,22,2733,134,92
3/6/2018,1,19,3130,134,94
3/7/2018,1,19,3202,136,94
3/8/2018,1,26,3420,100,96
3/9/2018,1,19,3215,140,94
3/10/2018,1,21,3097,126,95
3/11/2018,1,16,3585,108,92
3/12/2018,1,19,3765,112,96
3/13/2018,1,21,2756,100,95
3/14/2018,1,22,2909,125,92
3/15/2018,1,15,3149,127,91
3/16/2018,1,21,3015,111,96
3/17/2018,1,23,2788,107,92
3/18/2018,1,11,3799,125,94
3/19/2018,1,16,2785,100,96
3/20/2018,1,13,2866,122,97
3/21/2018,1,15,3635,138,93
3/22/2018,1,23,3788,106,92
3/23/2018,1,17,2546,104,95
3/24/2018,1,26,2810,104,92
3/25/2018,1,15,3259,115,95
3/26/2018,1,25,3990,125,96
3/27/2018,1,19,3087,125,93
3/28/2018,1,17,3667,104,94
3/29/2018,1,14,3674,132,93
3/30/2018,1,21,3836,125,96
3/31/2018,1,20,3767,135,93
4/1/2018,1,15,2653,131,90
4/2/2018,1,22,2781,108,96
4/3/2018,1,21,3897,122,95
4/4/2018,1,24,3843,126,95
4/5/2018,1,20,3159,108,93
4/6/2018,1,36,3469,100,90
4/7/2018,1,31,2715,100,92
4/8/2018,1,20,3566,135,93
4/9/2018,1,12,3413,101,92
4/10/2018,1,19,3324,140,91
4/11/2018,1,29,2682,134,96
4/12/2018,1,24,3809,103,96
4/13/2018,1,25,3456,122,94
4/14/2018,1,31,2656,136,94
4/15/2018,1,15,3776,112,90
4/16/2018,1,24,3564,117,92
4/17/2018,1,15,2636,128,95
4/18/2018,1,19,3700,115,90
4/19/2018,1,23,3113,113,95
4/20/2018,1,23,2905,126,94
4/21/2018,1,19,3551,101,95
4/22/2018,1,20,3652,114,98
4/23/2018,1,31,3573,120,96
4/24/2018,1,16,3630,130,92
4/25/2018,1,24,3389,131,90
4/26/2018,1,15,2574,130,92
4/27/2018,1,35,3898,140,93
4/28/2018,1,34,2614,125,93
4/29/2018,1,12,3160,117,94
4/30/2018,1,19,3197,139,91
5/1/2018,1,24,3157,140,94
5/2/2018,1,21,2985,128,95
5/3/2018,1,23,3445,140,90
5/4/2018,1,31,2962,118,91
5/5/2018,1,30,3051,110,91
5/6/2018,1,18,3879,131,94
5/7/2018,1,21,2815,138,95
5/8/2018,1,23,3064,124,98
5/9/2018,1,33,3931,129,91
5/10/2018,1,28,3924,102,97
5/11/2018,1,28,2954,105,93
5/12/2018,1,24,3117,104,90
5/13/2018,1,15,3850,123,96
5/14/2018,1,23,3766,131,92
5/15/2018,1,15,2691,135,91
5/16/2018,1,30,3166,133,94
5/17/2018,1,28,3518,122,97
5/18/2018,1,27,3671,129,92
5/19/2018,1,25,3864,111,90
5/20/2018,1,19,3709,105,91
5/21/2018,1,15,2523,106,97
5/22/2018,1,25,3887,125,94
5/23/2018,1,18,3742,111,93
5/24/2018,1,22,3478,137,93
5/25/2018,1,27,3311,118,90
5/26/2018,1,29,3595,113,98
5/27/2018,1,26,3253,118,97
5/28/2018,1,20,3737,138,98
5/29/2018,1,26,2996,128,94
5/30/2018,1,14,3961,134,95
5/31/2018,1,27,3346,126,91
6/1/2018,1,26,3137,100,96
6/2/2018,1,28,3253,133,98
6/3/2018,1,17,2901,104,94
6/4/2018,1,24,2518,102,98
6/5/2018,1,23,3533,117,91
6/6/2018,1,20,3462,119,97
6/7/2018,1,24,3433,115,96
6/8/2018,1,31,3625,112,97
6/9/2018,1,29,3769,121,90
6/10/2018,1,17,3703,126,92
6/11/2018,1,25,2775,108,90
6/12/2018,1,26,3496,101,96
6/13/2018,1,28,2668,116,94
6/14/2018,1,26,2997,109,90
6/15/2018,1,20,2544,139,98
6/16/2018,1,22,3132,109,92
6/17/2018,1,22,3717,124,91
6/18/2018,1,26,3744,101,92
6/19/2018,1,20,2721,123,90
6/20/2018,1,33,3087,139,98
6/21/2018,1,25,3373,100,96
6/22/2018,1,28,2551,136,98
6/23/2018,1,29,3742,122,96
6/24/2018,1,20,3969,109,97
6/25/2018,1,20,3382,119,90
6/26/2018,1,22,3998,128,93
6/27/2018,1,24,3863,131,96
6/28/2018,1,32,2938,134,95
6/29/2018,1,28,2511,138,92
6/30/2018,1,33,3656,119,96
7/1/2018,1,20,2886,134,93
7/2/2018,1,24,2993,125,98
7/3/2018,1,20,2912,131,98
7/4/2018,1,25,3068,113,93
7/5/2018,1,29,3453,140,92
7/6/2018,1,29,2515,130,95
7/7/2018,1,31,3821,120,93
7/8/2018,1,22,3343,134,98
7/9/2018,1,32,3517,122,96
7/10/2018,1,19,2616,111,92
7/11/2018,1,21,2936,120,90
7/12/2018,1,29,2925,129,90
7/13/2018,1,21,2651,107,97
7/14/2018,1,35,2656,101,96
7/15/2018,1,24,2660,122,94
7/16/2018,1,20,3821,121,90
7/17/2018,1,24,3278,136,91
7/18/2018,1,30,2839,129,95
7/19/2018,1,32,3336,139,92
7/20/2018,1,30,3826,127,95
7/21/2018,1,35,2852,128,94
7/22/2018,1,16,2733,139,97
7/23/2018,1,21,3570,116,98
7/24/2018,1,21,3342,131,97
7/25/2018,1,33,3201,128,92
7/26/2018,1,28,2600,113,97
7/27/2018,1,32,2525,107,96
7/28/2018,1,30,2685,122,96
7/29/2018,1,22,3180,110,93
7/30/2018,1,16,3783,136,97
7/31/2018,1,23,3565,123,98
8/1/2018,1,21,3131,118,97
8/2/2018,1,25,3321,124,90
8/3/2018,1,30,3378,122,90
8/4/2018,1,21,2597,109,95
8/5/2018,1,27,2903,122,91
8/6/2018,1,30,3063,104,91
8/7/2018,1,30,2997,103,90
8/8/2018,1,18,3293,131,98
8/9/2018,1,21,2557,118,97
8/10/2018,1,27,3185,110,95
8/11/2018,1,38,3713,108,93
8/12/2018,1,9,3812,138,91
8/13/2018,1,27,3321,101,91
8/14/2018,1,26,3202,103,90
8/15/2018,1,23,3406,126,96
8/16/2018,1,26,3521,114,93
8/17/2018,1,28,2730,107,98
8/18/2018,1,27,3952,123,96
8/19/2018,1,22,3729,119,98
8/20/2018,1,33,3193,100,93
8/21/2018,1,28,2585,102,90
8/22/2018,1,21,3946,131,91
8/23/2018,1,29,2671,127,97
8/24/2018,1,20,3931,100,90
8/25/2018,1,32,2740,119,95
8/26/2018,1,16,3726,128,90
8/27/2018,1,14,2544,124,95
8/28/2018,1,21,3378,110,98
8/29/2018,1,31,3443,134,98
8/30/2018,1,23,4000,114,97
8/31/2018,1,25,2633,101,95
9/1/2018,1,25,3548,116,97
9/2/2018,1,14,3790,114,96
9/3/2018,1,18,3490,111,93
9/4/2018,1,17,2666,108,94
9/5/2018,1,20,3860,139,94
9/6/2018,1,11,3018,115,92
9/7/2018,1,29,2576,128,95
9/8/2018,1,25,2879,107,90
9/9/2018,1,23,2874,140,98
9/10/2018,1,21,2512,106,92
9/11/2018,1,17,3115,109,97
9/12/2018,1,21,3246,123,91
9/13/2018,1,25,3249,123,98
9/14/2018,1,29,3881,129,91
9/15/2018,1,30,2908,124,96
9/16/2018,1,16,3690,135,94
9/17/2018,1,20,2669,124,90
9/18/2018,1,18,2594,114,95
9/19/2018,1,23,3493,140,97
9/20/2018,1,17,3104,108,94
9/21/2018,1,27,3579,134,96
9/22/2018,1,22,3846,138,95
9/23/2018,1,19,2822,103,96
9/24/2018,1,18,3820,107,98
9/25/2018,1,25,3230,120,95
9/26/2018,1,19,3803,103,91
9/27/2018,1,19,3076,105,94
9/28/2018,1,30,2504,111,98
9/29/2018,1,37,2625,122,92
9/30/2018,1,15,2954,130,95
10/1/2018,1,18,3993,119,95
10/2/2018,1,20,3562,140,96
10/3/2018,1,22,2895,125,90
10/4/2018,1,26,3614,103,91
10/5/2018,1,11,3766,102,98
10/6/2018,1,31,3748,113,94
10/7/2018,1,25,3456,108,94
10/8/2018,1,16,3929,125,91
10/9/2018,1,20,2704,105,98
10/10/2018,1,15,2936,120,92
10/11/2018,1,22,3354,102,93
10/12/2018,1,23,3027,123,90
10/13/2018,1,20,2848,111,94
10/14/2018,1,14,3236,139,93
10/15/2018,1,24,3585,107,96
10/16/2018,1,16,2893,130,94
10/17/2018,1,24,2951,129,90
10/18/2018,1,21,3630,114,95
10/19/2018,1,25,3641,125,98
10/20/2018,1,18,2699,126,96
10/21/2018,1,13,3191,136,96
10/22/2018,1,28,3302,127,96
10/23/2018,1,16,3628,135,97
10/24/2018,1,18,2668,121,93
10/25/2018,1,18,2535,109,90
10/26/2018,1,24,2506,107,94
10/27/2018,1,23,3396,136,95
10/28/2018,1,16,3404,101,98
10/29/2018,1,28,3900,122,94
10/30/2018,1,12,2671,108,98
10/31/2018,1,19,3245,113,95
11/1/2018,1,29,3937,104,91
11/2/2018,1,20,2885,127,92
11/3/2018,1,34,2581,140,91
11/4/2018,1,20,3075,119,93
11/5/2018,1,17,3068,114,90
11/6/2018,1,13,2552,107,94
11/7/2018,1,15,2851,117,94
11/8/2018,1,28,3289,127,90
11/9/2018,1,18,2860,136,95
11/10/2018,1,31,2504,102,95
11/11/2018,1,20,2857,111,98
11/12/2018,1,20,2897,140,96
11/13/2018,1,20,2551,133,95
11/14/2018,1,26,3319,129,93
11/15/2018,1,14,2927,114,90
11/16/2018,1,27,3183,108,95
11/17/2018,1,22,2812,136,96
11/18/2018,1,13,2933,121,98
11/19/2018,1,24,3805,108,96
11/20/2018,1,18,3747,112,92
11/21/2018,1,28,3785,132,94
11/22/2018,1,33,2767,119,96
11/23/2018,1,18,3992,107,90
11/24/2018,1,33,2961,117,97
11/25/2018,1,23,3467,140,91
11/26/2018,1,18,3395,118,97
11/27/2018,1,18,2958,110,90
11/28/2018,1,33,3079,115,98
11/29/2018,1,14,3749,104,96
11/30/2018,1,22,3482,118,94
12/1/2018,1,21,3819,136,95
12/2/2018,1,12,3633,111,96
12/3/2018,1,13,3619,126,92
12/4/2018,1,14,2953,123,93
12/5/2018,1,17,2801,112,94
12/6/2018,1,15,3300,129,96
12/7/2018,1,15,2988,136,93
12/8/2018,1,19,3416,137,91
12/9/2018,1,11,2718,140,93
12/10/2018,1,11,3214,100,92
12/11/2018,1,14,3264,125,97
12/12/2018,1,12,3640,118,92
12/13/2018,1,16,3688,135,90
12/14/2018,1,23,2512,119,94
12/15/2018,1,14,3682,119,94
12/16/2018,1,18,2826,125,90
12/17/2018,1,17,3060,125,95
12/18/2018,1,10,3675,121,90
12/19/2018,1,15,2582,102,90
12/20/2018,1,18,3164,114,94
12/21/2018,1,18,3421,137,93
12/22/2018,1,16,2684,136,92
12/23/2018,1,14,3586,127,98
12/24/2018,1,15,3960,123,97
12/25/2018,1,23,2964,117,91
12/26/2018,1,15,2529,133,95
12/27/2018,1,18,3185,138,90
12/28/2018,1,16,2541,108,96
12/29/2018,1,19,3593,125,91
12/30/2018,1,7,2800,136,91
12/31/2018,1,12,2524,122,97
1/1/2019,1,7,3099,125,93
1/2/2019,1,17,3680,130,97
1/3/2019,1,16,3633,105,90
1/4/2019,1,21,3672,123,97
1/5/2019,1,14,2531,129,94
1/6/2019,1,13,2501,136,95
1/7/2019,1,15,2775,106,91
1/8/2019,1,17,2744,115,97
1/9/2019,1,15,3189,121,92
1/10/2019,1,15,2618,128,98
1/11/2019,1,18,3282,115,92
1/12/2019,1,15,2933,126,94
1/13/2019,1,10,3982,135,92
1/14/2019,1,19,2641,103,93
1/15/2019,1,18,3901,132,91
1/16/2019,1,19,2565,117,96
1/17/2019,1,19,2661,135,93
1/18/2019,1,10,3242,135,90
1/19/2019,1,19,3646,100,92
1/20/2019,1,15,2927,137,95
1/21/2019,1,11,3154,132,95
1/22/2019,1,14,3605,130,90
1/23/2019,1,17,3425,103,96
1/24/2019,1,15,3747,122,94
1/25/2019,1,26,3390,132,95
1/26/2019,1,18,2524,135,92
1/27/2019,1,17,3558,109,93
1/28/2019,1,10,3789,120,92
1/29/2019,1,8,3437,132,92
1/30/2019,1,19,3257,130,95
1/31/2019,1,12,3874,114,93
2/1/2019,1,10,3765,120,91
2/2/2019,1,13,3364,113,95
2/3/2019,1,19,3159,134,94
2/4/2019,1,20,2521,104,93
2/5/2019,1,19,3959,130,97
2/6/2019,1,21,3365,131,91
2/7/2019,1,26,3059,132,93
2/8/2019,1,21,2709,117,98
2/9/2019,1,32,2778,133,93
2/10/2019,1,10,3864,107,96
2/11/2019,1,17,3735,111,97
2/12/2019,1,18,3834,129,98
2/13/2019,1,18,2589,139,95
2/14/2019,1,14,3917,120,98
2/15/2019,1,19,2825,107,94
2/16/2019,1,13,3810,103,90
2/17/2019,1,10,3110,114,93
2/18/2019,1,14,3330,109,98
2/19/2019,1,14,3695,140,95
2/20/2019,1,15,3068,120,98
2/21/2019,1,19,2943,113,96
2/22/2019,1,16,3029,132,91
2/23/2019,1,18,3633,135,91
2/24/2019,1,16,3507,112,94
2/25/2019,1,26,3919,113,94
2/26/2019,1,20,3931,110,95
2/27/2019,1,24,3874,130,93
2/28/2019,1,21,3820,124,95
3/1/2019,1,19,3696,123,98
3/2/2019,1,26,3121,137,92
3/3/2019,1,17,2715,136,97
3/4/2019,1,18,2644,113,93
3/5/2019,1,22,2839,115,91
3/6/2019,1,28,2619,106,98
3/7/2019,1,23,2683,103,91
3/8/2019,1,22,3543,104,96
3/9/2019,1,28,2943,131,94
3/10/2019,1,19,3116,118,91
3/11/2019,1,22,2710,101,90
3/12/2019,1,20,3347,122,90
3/13/2019,1,23,2588,101,97
3/14/2019,1,14,3256,138,96
3/15/2019,1,21,2710,126,98
3/16/2019,1,30,3667,108,94
3/17/2019,1,15,2889,119,90
3/18/2019,1,17,3897,130,92
3/19/2019,1,22,2907,111,93
3/20/2019,1,25,3676,106,92
3/21/2019,1,25,2537,127,92
3/22/2019,1,23,2825,122,91
3/23/2019,1,31,2905,130,97
3/24/2019,1,17,3608,138,92
3/25/2019,1,15,2947,112,91
3/26/2019,1,33,3508,127,94
3/27/2019,1,22,3723,101,95
3/28/2019,1,21,3949,114,92
3/29/2019,1,29,3872,122,94
3/30/2019,1,26,2666,119,90
3/31/2019,1,12,2516,140,93
4/1/2019,1,27,2938,124,94
4/2/2019,1,29,3678,110,95
4/3/2019,1,24,3484,112,98
4/4/2019,1,19,3114,132,98
4/5/2019,1,29,2679,127,98
4/6/2019,1,29,3553,118,97
4/7/2019,1,14,3401,104,92
4/8/2019,1,22,3506,140,97
4/9/2019,1,19,3948,106,90
4/10/2019,1,27,3306,102,98
4/11/2019,1,26,3145,102,93
4/12/2019,1,32,3983,138,93
4/13/2019,1,26,2678,132,93
4/14/2019,1,19,2845,113,98
4/15/2019,1,15,3504,125,94
4/16/2019,1,24,2830,101,96
4/17/2019,1,20,3443,124,90
4/18/2019,1,31,3694,116,92
4/19/2019,1,24,2940,127,96
4/20/2019,1,26,3514,104,96
4/21/2019,1,20,3569,120,94
4/22/2019,1,20,2532,118,94
4/23/2019,1,28,2574,113,96
4/24/2019,1,26,3882,108,92
4/25/2019,1,27,3446,103,96
4/26/2019,1,22,3074,118,94
4/27/2019,1,40,2968,120,95
4/28/2019,1,15,3234,132,90
4/29/2019,1,28,3626,105,96
4/30/2019,1,20,3047,123,91
5/1/2019,1,27,3410,118,94
5/2/2019,1,19,3065,132,92
5/3/2019,1,33,3609,117,91
5/4/2019,1,32,3654,121,90
5/5/2019,1,15,3926,131,91
5/6/2019,1,30,3884,108,96
5/7/2019,1,21,2943,136,93
5/8/2019,1,24,3830,126,95
5/9/2019,1,35,3528,126,95
5/10/2019,1,39,3215,132,96
5/11/2019,1,38,3059,128,95
5/12/2019,1,19,2871,136,90
5/13/2019,1,26,3682,110,90
5/14/2019,1,34,2984,105,94
5/15/2019,1,25,3634,135,96
5/16/2019,1,31,3230,126,95
5/17/2019,1,40,3535,101,92
5/18/2019,1,23,2869,136,95
5/19/2019,1,16,3660,100,93
5/20/2019,1,24,3801,103,95
5/21/2019,1,34,3172,106,97
5/22/2019,1,24,3979,116,90
5/23/2019,1,24,2616,125,96
5/24/2019,1,31,2694,122,93
5/25/2019,1,31,3585,116,94
5/26/2019,1,29,2805,111,96
5/27/2019,1,26,3805,119,94
5/28/2019,1,30,3354,120,91
5/29/2019,1,30,3813,124,90
5/30/2019,1,30,2963,132,98
5/31/2019,1,35,3380,139,96
6/1/2019,1,35,3258,124,91
6/2/2019,1,24,2985,119,96
6/3/2019,1,27,3058,125,95
6/4/2019,1,22,3892,109,94
6/5/2019,1,22,2821,129,95
6/6/2019,1,22,3528,123,94
6/7/2019,1,40,2979,119,91
6/8/2019,1,34,3506,121,98
6/9/2019,1,23,2808,106,90
6/10/2019,1,34,2532,134,96
6/11/2019,1,34,2895,109,90
6/12/2019,1,31,2952,122,95
6/13/2019,1,34,3011,113,91
6/14/2019,1,39,3569,116,96
6/15/2019,1,25,2601,135,96
6/16/2019,1,23,3551,124,91
6/17/2019,1,18,3609,114,97
6/18/2019,1,23,3858,115,98
6/19/2019,1,29,3056,109,95
6/20/2019,1,26,3201,137,98
6/21/2019,1,44,3232,133,98
6/22/2019,1,31,2922,118,92
6/23/2019,1,27,2615,116,95
6/24/2019,1,31,3182,128,97
6/25/2019,1,27,3106,115,97
6/26/2019,1,22,3263,105,95
6/27/2019,1,30,3557,114,93
6/28/2019,1,28,3729,110,94
6/29/2019,1,26,3442,113,91
6/30/2019,1,19,3117,129,92
7/1/2019,1,24,3202,127,90
7/2/2019,1,25,3818,115,90
7/3/2019,1,31,2831,127,92
7/4/2019,1,31,2549,105,98
7/5/2019,1,39,3071,104,94
7/6/2019,1,24,3055,108,98
7/7/2019,1,23,3398,133,92
7/8/2019,1,26,2950,135,96
7/9/2019,1,28,3706,117,96
7/10/2019,1,22,3078,119,98
7/11/2019,1,36,3310,115,94
7/12/2019,1,39,3900,114,98
7/13/2019,1,31,3789,114,95
7/14/2019,1,36,3413,130,91
7/15/2019,1,16,2696,114,95
7/16/2019,1,44,3700,102,90
7/17/2019,1,29,2898,136,95
7/18/2019,1,33,3944,120,95
7/19/2019,1,33,2848,122,95
7/20/2019,1,43,3864,118,91
7/21/2019,1,22,3618,136,96
7/22/2019,1,31,3856,123,90
7/23/2019,1,37,3728,136,94
7/24/2019,1,29,2560,107,90
7/25/2019,1,44,3929,107,91
7/26/2019,1,34,3052,126,92
7/27/2019,1,39,3577,109,92
7/28/2019,1,29,3672,120,92
7/29/2019,1,21,3946,122,94
7/30/2019,1,19,3843,140,93
7/31/2019,1,24,3524,140,96
8/1/2019,1,34,2723,109,92
8/2/2019,1,35,3056,136,96
8/3/2019,1,28,2698,116,98
8/4/2019,1,16,3925,123,95
8/5/2019,1,16,3211,121,93
8/6/2019,1,33,3628,128,91
8/7/2019,1,27,2966,139,94
8/8/2019,1,30,3418,130,97
8/9/2019,1,20,3129,138,95
8/10/2019,1,31,3324,107,96
8/11/2019,1,17,3315,108,92
8/12/2019,1,26,3767,116,90
8/13/2019,1,23,2635,133,96
8/14/2019,1,23,3974,110,96
8/15/2019,1,26,2642,101,95
8/16/2019,1,33,3299,136,98
8/17/2019,1,30,3559,133,91
8/18/2019,1,18,2744,132,98
8/19/2019,1,34,3481,105,90
8/20/2019,1,23,2828,134,96
8/21/2019,1,29,2512,134,90
8/22/2019,1,30,2971,102,92
8/23/2019,1,35,3688,135,91
8/24/2019,1,32,3465,115,92
8/25/2019,1,26,2634,110,98
8/26/2019,1,24,3783,122,91
8/27/2019,1,31,3365,112,91
8/28/2019,1,16,2939,119,97
8/29/2019,1,27,2956,132,93
8/30/2019,1,27,2527,110,97
8/31/2019,1,24,2666,122,90
9/1/2019,1,23,2736,119,90
9/2/2019,1,20,2948,108,93
9/3/2019,1,22,3846,131,91
9/4/2019,1,27,3544,125,93
9/5/2019,1,28,2783,110,95
9/6/2019,1,28,3430,130,97
9/7/2019,1,31,3648,140,96
9/8/2019,1,21,2733,119,96
9/9/2019,1,26,2860,101,98
9/10/2019,1,21,3681,111,90
9/11/2019,1,23,2935,104,97
9/12/2019,1,28,2911,120,90
9/13/2019,1,34,3778,104,96
9/14/2019,1,31,3176,130,95
9/15/2019,1,16,3725,130,90
9/16/2019,1,19,3254,136,91
9/17/2019,1,25,2919,109,96
9/18/2019,1,26,3924,120,94
9/19/2019,1,31,3511,119,96
9/20/2019,1,24,3272,114,97
9/21/2019,1,29,2511,117,97
9/22/2019,1,16,3447,100,90
9/23/2019,1,14,3900,134,95
9/24/2019,1,25,3155,121,94
9/25/2019,1,14,3966,126,97
9/26/2019,1,26,2719,106,94
9/27/2019,1,35,2556,105,94
9/28/2019,1,27,3798,126,92
9/29/2019,1,17,3529,110,95
9/30/2019,1,21,3769,119,97
10/1/2019,1,24,3881,102,93
10/2/2019,1,28,3857,128,97
10/3/2019,1,22,2779,139,92
10/4/2019,1,20,3822,101,97
10/5/2019,1,32,2932,123,96
10/6/2019,1,13,3916,123,92
10/7/2019,1,24,2992,113,98
10/8/2019,1,26,3619,124,90
10/9/2019,1,29,3672,123,90
10/10/2019,1,22,3227,124,96
10/11/2019,1,26,3807,112,94
10/12/2019,1,29,3837,104,95
10/13/2019,1,19,2918,128,93
10/14/2019,1,26,2819,136,97
10/15/2019,1,15,3355,114,96
10/16/2019,1,29,3516,116,90
10/17/2019,1,28,3864,124,97
10/18/2019,1,40,3291,126,94
10/19/2019,1,30,3589,101,96
10/20/2019,1,13,2759,123,92
10/21/2019,1,35,3537,123,94
10/22/2019,1,14,2850,104,96
10/23/2019,1,19,3378,113,90
10/24/2019,1,20,2689,122,97
10/25/2019,1,16,3447,100,96
10/26/2019,1,21,3581,134,94
10/27/2019,1,21,3569,126,94
10/28/2019,1,20,3007,111,90
10/29/2019,1,20,3173,122,95
10/30/2019,1,27,2945,105,96
10/31/2019,1,22,3582,129,90
11/1/2019,1,26,3759,122,94
11/2/2019,1,29,3154,110,95
11/3/2019,1,14,2878,107,98
11/4/2019,1,20,2546,135,93
11/5/2019,1,22,3346,135,98
11/6/2019,1,27,2627,103,94
11/7/2019,1,34,3019,112,92
11/8/2019,1,25,3590,117,94
11/9/2019,1,22,2551,122,92
11/10/2019,1,22,3239,133,94
11/11/2019,1,26,3387,121,93
11/12/2019,1,25,2708,107,95
11/13/2019,1,21,3144,131,95
11/14/2019,1,23,3089,102,98
11/15/2019,1,32,3511,105,98
11/16/2019,1,32,2764,105,95
11/17/2019,1,23,2569,137,90
11/18/2019,1,23,3652,126,94
11/19/2019,1,28,3932,104,93
11/20/2019,1,38,3438,120,96
11/21/2019,1,34,2916,135,98
11/22/2019,1,26,3001,121,97
11/23/2019,1,22,3612,104,93
11/24/2019,1,22,3044,121,97
11/25/2019,1,26,2590,115,93
11/26/2019,1,27,3646,127,93
11/27/2019,1,31,3551,133,97
11/28/2019,1,23,3649,132,90
11/29/2019,1,27,2510,140,95
11/30/2019,1,28,3175,112,93
12/1/2019,1,14,3984,104,92
12/2/2019,1,12,3863,103,92
12/3/2019,1,14,3745,138,95
12/4/2019,1,20,3969,122,97
12/5/2019,1,21,2882,114,95
12/6/2019,1,19,3397,114,92
12/7/2019,1,16,3515,131,96
12/8/2019,1,15,3223,136,97
12/9/2019,1,20,3357,127,92
12/10/2019,1,11,3374,101,98
12/11/2019,1,15,3887,138,95
12/12/2019,1,20,2788,129,97
12/13/2019,1,23,2724,136,94
12/14/2019,1,22,3371,108,90
12/15/2019,1,17,3066,128,93
12/16/2019,1,11,2996,120,98
12/17/2019,1,28,2626,128,93
12/18/2019,1,12,2710,108,90
12/19/2019,1,17,3456,108,96
12/20/2019,1,26,2571,105,91
12/21/2019,1,21,3250,112,98
12/22/2019,1,16,3990,103,96
12/23/2019,1,24,3932,104,97
12/24/2019,1,15,2932,110,96
12/25/2019,1,16,3482,120,93
12/26/2019,1,18,2788,103,93
12/27/2019,1,20,3599,131,91
12/28/2019,1,25,3554,109,95
12/29/2019,1,12,3891,119,94
12/30/2019,1,13,3784,100,98
12/31/2019,1,11,2869,128,96
1/1/2020,1,15,3727,140,90
1/2/2020,1,16,2634,131,97
1/3/2020,1,20,2549,106,95
1/4/2020,1,18,3798,130,97
1/5/2020,1,8,2912,124,92
1/6/2020,1,15,3910,119,98
1/7/2020,1,17,3811,137,96
1/8/2020,1,18,3768,117,96
1/9/2020,1,23,2685,118,98
1/10/2020,1,23,2526,106,98
1/11/2020,1,16,2642,119,92
1/12/2020,1,13,3459,125,92
1/13/2020,1,14,3579,101,95
1/14/2020,1,10,3375,102,92
1/15/2020,1,7,3523,138,96
1/16/2020,1,16,3279,120,96
1/17/2020,1,23,3537,137,90
1/18/2020,1,23,3962,124,97
1/19/2020,1,14,2500,105,98
1/20/2020,1,16,3520,118,98
1/21/2020,1,19,2725,120,92
1/22/2020,1,13,2544,101,94
1/23/2020,1,23,3753,132,95
1/24/2020,1,17,3924,127,98
1/25/2020,1,17,3433,134,93
1/26/2020,1,16,3960,136,96
1/27/2020,1,23,3598,118,91
1/28/2020,1,13,3378,138,93
1/29/2020,1,11,3225,128,93
1/30/2020,1,16,3633,113,91
1/31/2020,1,27,3199,122,93
2/1/2020,1,21,2994,129,97
2/2/2020,1,12,2676,114,98
2/3/2020,1,10,3580,119,97
2/4/2020,1,19,3909,133,93
2/5/2020,1,18,2726,125,95
2/6/2020,1,19,3427,102,93
2/7/2020,1,22,2681,100,98
2/8/2020,1,14,3062,107,90
2/9/2020,1,17,2711,122,98
2/10/2020,1,12,3964,122,93
2/11/2020,1,17,2992,116,93
2/12/2020,1,25,3039,104,96
2/13/2020,1,18,2525,134,97
2/14/2020,1,24,3113,124,90
2/15/2020,1,19,2836,106,96
2/16/2020,1,18,3308,138,94
2/17/2020,1,9,2800,129,94
2/18/2020,1,17,3760,139,98
2/19/2020,1,17,3561,129,90
2/20/2020,1,16,2577,123,91
2/21/2020,1,18,2724,106,98
2/22/2020,1,33,3699,100,97
2/23/2020,1,14,3821,133,96
2/24/2020,1,13,2930,140,96
2/25/2020,1,18,3570,100,93
2/26/2020,1,14,3621,130,94
2/27/2020,1,17,2903,124,97
2/28/2020,1,15,3130,108,90
3/1/2020,1,19,3748,123,98
3/2/2020,1,21,3108,110,98
3/3/2020,1,18,2877,111,96
3/4/2020,1,27,3718,113,94
3/5/2020,1,17,3025,105,92
3/6/2020,1,25,3465,103,92
3/7/2020,1,28,3660,104,94
3/8/2020,1,25,2991,135,93
3/9/2020,1,10,3181,113,94
3/10/2020,1,16,3280,101,92
3/11/2020,1,21,3370,107,98
3/12/2020,1,21,3966,100,98
3/13/2020,1,26,2729,124,92
3/14/2020,1,26,3958,110,91
3/15/2020,1,21,3495,126,94
3/16/2020,1,21,3419,112,98
3/17/2020,1,22,3343,110,90
3/18/2020,1,15,2854,139,96
3/19/2020,1,21,3605,118,93
3/20/2020,1,23,3598,137,90
3/21/2020,1,27,3505,120,90
3/22/2020,1,30,3531,109,94
3/23/2020,1,17,3582,135,93
3/24/2020,1,27,3365,127,97
3/25/2020,1,21,3531,127,98
3/26/2020,1,24,2555,109,90
3/27/2020,1,26,3644,118,95
3/28/2020,1,26,3734,122,97
3/29/2020,1,41,3018,118,93
3/30/2020,1,14,2596,124,95
3/31/2020,1,16,3226,124,97
4/1/2020,1,20,3465,132,94
4/2/2020,1,29,2720,140,95
4/3/2020,1,32,3192,104,97
4/4/2020,1,32,2724,125,94
4/5/2020,1,30,3656,128,92
4/6/2020,1,23,2717,117,93
4/7/2020,1,26,2639,139,90
4/8/2020,1,28,3756,110,92
4/9/2020,1,31,3547,121,93
4/10/2020,1,24,3500,101,92
4/11/2020,1,38,3554,104,91
4/12/2020,1,32,3570,128,92
4/13/2020,1,24,2938,101,92
4/14/2020,1,38,2548,117,95
4/15/2020,1,28,3248,120,91
4/16/2020,1,27,2634,132,91
4/17/2020,1,23,3126,106,96
4/18/2020,1,34,2502,129,96
4/19/2020,1,22,3890,107,95
4/20/2020,1,22,3804,116,94
4/21/2020,1,19,3587,132,92
4/22/2020,1,18,3778,138,94
4/23/2020,1,22,2916,140,92
4/24/2020,1,23,3548,121,93
4/25/2020,1,36,2943,126,90
4/26/2020,1,39,3793,115,95
4/27/2020,1,26,3866,103,96
4/28/2020,1,17,3700,111,98
4/29/2020,1,23,3869,136,95
4/30/2020,1,27,2997,125,93
5/1/2020,1,32,2809,107,93
5/2/2020,1,43,2810,102,93
5/3/2020,1,34,3244,119,91
5/4/2020,1,21,3672,140,97
5/5/2020,1,31,3318,123,90
5/6/2020,1,28,3176,130,97
5/7/2020,1,31,3238,130,97
5/8/2020,1,32,3083,129,97
5/9/2020,1,36,2602,129,91
5/10/2020,1,37,3605,129,96
5/11/2020,1,22,3948,136,94
5/12/2020,1,23,3760,139,97
5/13/2020,1,19,3711,120,93
5/14/2020,1,21,2807,130,96
5/15/2020,1,29,3485,128,91
5/16/2020,1,33,3255,138,91
5/17/2020,1,33,3863,132,97
5/18/2020,1,27,2692,103,98
5/19/2020,1,26,3181,105,90
5/20/2020,1,27,3063,110,90
5/21/2020,1,31,3791,140,95
5/22/2020,1,30,3578,117,90
5/23/2020,1,30,3186,134,97
5/24/2020,1,29,2872,130,98
5/25/2020,1,21,2664,133,97
5/26/2020,1,28,3590,136,92
5/27/2020,1,19,3643,129,95
5/28/2020,1,29,3798,109,94
5/29/2020,1,34,3645,104,95
5/30/2020,1,29,2870,110,90
5/31/2020,1,25,3504,131,97
6/1/2020,1,23,3842,105,95
6/2/2020,1,34,2709,133,97
6/3/2020,1,28,3047,138,90
6/4/2020,1,36,2786,113,92
6/5/2020,1,31,2572,100,92
6/6/2020,1,39,3635,102,94
6/7/2020,1,46,2866,140,96
6/8/2020,1,19,2953,117,93
6/9/2020,1,32,3410,119,93
6/10/2020,1,22,2965,127,94
6/11/2020,1,27,2725,128,91
6/12/2020,1,25,3894,100,95
6/13/2020,1,31,3877,124,96
6/14/2020,1,40,2770,138,92
6/15/2020,1,12,3183,104,92
6/16/2020,1,21,3389,122,96
6/17/2020,1,36,2861,125,90
6/18/2020,1,31,3033,123,94
6/19/2020,1,34,3687,124,92
6/20/2020,1,29,2710,124,98
6/21/2020,1,44,3317,133,90
6/22/2020,1,30,3847,108,98
6/23/2020,1,26,3739,117,90
6/24/2020,1,31,3280,108,95
6/25/2020,1,33,3002,116,91
6/26/2020,1,23,3614,108,93
6/27/2020,1,32,3343,134,98
6/28/2020,1,34,3789,126,96
6/29/2020,1,29,2834,120,93
6/30/2020,1,26,3825,137,96
7/1/2020,1,30,2946,121,95
7/2/2020,1,32,2760,138,97
7/3/2020,1,37,3816,115,96
7/4/2020,1,26,2986,125,92
7/5/2020,1,39,3527,140,90
7/6/2020,1,31,3691,110,90
7/7/2020,1,37,3214,113,98
7/8/2020,1,24,3184,102,94
7/9/2020,1,29,2952,130,95
7/10/2020,1,37,3540,140,96
7/11/2020,1,32,2976,139,97
7/12/2020,1,41,2855,102,97
7/13/2020,1,23,3910,138,91
7/14/2020,1,25,3153,105,97
7/15/2020,1,26,2771,136,95
7/16/2020,1,36,2984,119,94
7/17/2020,1,28,2875,110,93
7/18/2020,1,35,3331,121,93
7/19/2020,1,41,3760,129,93
7/20/2020,1,18,2572,116,95
7/21/2020,1,30,2945,103,96
7/22/2020,1,33,3095,140,91
7/23/2020,1,30,3289,129,92
7/24/2020,1,29,2922,115,95
7/25/2020,1,37,3278,134,98
7/26/2020,1,32,3577,129,95
7/27/2020,1,20,3347,131,92
7/28/2020,1,33,3714,114,93
7/29/2020,1,31,2801,133,93
7/30/2020,1,50,2609,131,92
7/31/2020,1,32,3792,123,91
8/1/2020,1,31,3985,104,92
8/2/2020,1,38,2796,137,91
8/3/2020,1,22,2633,108,97
8/4/2020,1,27,2979,140,94
8/5/2020,1,21,3959,103,94
8/6/2020,1,17,2984,134,91
8/7/2020,1,29,3629,120,97
8/8/2020,1,36,2691,103,98
8/9/2020,1,39,2621,110,91
8/10/2020,1,20,2648,117,95
8/11/2020,1,34,3082,123,98
8/12/2020,1,24,2865,119,96
8/13/2020,1,27,3477,113,94
8/14/2020,1,26,3129,119,96
8/15/2020,1,31,3545,129,98
8/16/2020,1,47,2528,118,97
8/17/2020,1,31,3456,106,91
8/18/2020,1,34,4000,103,93
8/19/2020,1,24,3478,136,97
8/20/2020,1,27,3620,111,97
8/21/2020,1,37,3253,125,93
8/22/2020,1,38,2600,113,96
8/23/2020,1,31,3989,134,90
8/24/2020,1,18,2535,138,92
8/25/2020,1,27,3044,106,96
8/26/2020,1,31,3817,135,95
8/27/2020,1,25,3806,139,95
8/28/2020,1,37,3614,104,91
8/29/2020,1,27,3542,133,97
8/30/2020,1,39,3560,109,96
8/31/2020,1,15,3801,100,97
9/1/2020,1,24,3338,137,92
9/2/2020,1,20,2824,116,90
9/3/2020,1,31,3301,106,94
9/4/2020,1,31,2583,124,92
9/5/2020,1,39,2525,110,94
9/6/2020,1,37,3825,124,92
9/7/2020,1,18,3639,111,93
9/8/2020,1,26,2769,120,92
9/9/2020,1,35,3955,128,90
9/10/2020,1,31,2983,101,98
9/11/2020,1,26,3790,137,93
9/12/2020,1,29,2911,100,96
9/13/2020,1,23,2740,138,98
9/14/2020,1,19,3282,125,97
9/15/2020,1,30,3580,139,93
9/16/2020,1,23,2759,112,91
9/17/2020,1,26,3071,114,91
9/18/2020,1,29,3028,117,98
9/19/2020,1,30,2719,109,90
9/20/2020,1,30,3296,104,90
9/21/2020,1,29,3533,129,91
9/22/2020,1,30,3099,128,91
9/23/2020,1,32,2552,128,95
9/24/2020,1,22,3007,126,91
9/25/2020,1,28,3319,101,90
9/26/2020,1,24,3762,137,91
9/27/2020,1,35,3567,112,90
9/28/2020,1,23,3285,108,98
9/29/2020,1,31,3104,112,98
9/30/2020,1,18,3799,139,94
10/1/2020,1,27,3326,104,96
10/2/2020,1,23,3172,103,91
10/3/2020,1,27,3637,112,98
10/4/2020,1,26,3549,102,93
10/5/2020,1,19,3978,130,91
10/6/2020,1,19,2516,100,92
10/7/2020,1,21,3157,127,96
10/8/2020,1,19,3524,134,96
10/9/2020,1,16,3084,112,93
10/10/2020,1,29,3593,107,98
10/11/2020,1,30,3919,112,94
10/12/2020,1,12,2977,113,98
10/13/2020,1,23,2883,125,94
10/14/2020,1,24,3798,136,94
10/15/2020,1,29,3148,116,96
10/16/2020,1,21,3859,112,92
10/17/2020,1,25,3785,118,96
10/18/2020,1,42,3163,124,94
10/19/2020,1,16,2909,101,97
10/20/2020,1,26,2881,134,91
10/21/2020,1,14,2827,122,97
10/22/2020,1,29,3024,131,96
10/23/2020,1,27,2587,105,93
10/24/2020,1,14,3162,129,98
10/25/2020,1,31,3390,134,91
10/26/2020,1,23,3339,108,90
10/27/2020,1,24,3535,135,98
10/28/2020,1,20,2931,129,97
10/29/2020,1,31,2772,106,92
10/30/2020,1,28,3658,120,97
10/31/2020,1,31,2871,134,94
11/1/2020,1,30,2557,113,92
11/2/2020,1,16,2764,108,95
11/3/2020,1,21,3927,119,97
11/4/2020,1,32,2610,112,98
11/5/2020,1,25,2880,115,96
11/6/2020,1,26,3535,129,92
11/7/2020,1,29,2511,121,94
11/8/2020,1,39,3555,139,95
11/9/2020,1,23,3378,113,92
11/10/2020,1,21,2952,112,98
11/11/2020,1,27,2614,122,97
11/12/2020,1,15,2584,120,95
11/13/2020,1,21,3549,110,97
11/14/2020,1,24,3236,111,95
11/15/2020,1,38,2797,102,98
11/16/2020,1,24,3474,118,96
11/17/2020,1,31,2817,109,98
11/18/2020,1,27,2602,124,93
11/19/2020,1,22,3512,129,96
11/20/2020,1,40,3721,118,94
11/21/2020,1,28,3827,107,92
11/22/2020,1,37,2890,128,90
11/23/2020,1,25,3524,122,91
11/24/2020,1,20,3122,119,90
11/25/2020,1,16,3274,120,93
11/26/2020,1,20,3992,140,97
11/27/2020,1,27,2783,105,92
11/28/2020,1,42,3226,133,95
11/29/2020,1,35,3841,114,98
11/30/2020,1,14,2888,126,92
12/1/2020,1,18,3052,119,93
12/2/2020,1,23,2856,128,94
12/3/2020,1,13,3295,104,91
12/4/2020,1,14,3001,133,90
12/5/2020,1,22,3096,134,94
12/6/2020,1,23,3579,138,94
12/7/2020,1,17,2884,112,91
12/8/2020,1,18,3746,113,90
12/9/2020,1,13,3143,100,95
12/10/2020,1,21,3795,128,95
12/11/2020,1,14,3543,121,97
12/12/2020,1,18,3649,140,92
12/13/2020,1,21,2666,129,92
12/14/2020,1,18,3457,135,90
12/15/2020,1,18,2522,140,91
12/16/2020,1,25,2513,134,96
12/17/2020,1,15,3660,110,96
12/18/2020,1,19,3888,131,92
12/19/2020,1,21,3904,116,92
12/20/2020,1,25,3913,126,97
12/21/2020,1,7,3198,128,98
12/22/2020,1,16,2809,117,91
12/23/2020,1,14,3383,104,94
12/24/2020,1,19,3221,136,91
12/25/2020,1,21,3352,111,97
12/26/2020,1,22,2846,123,94
12/27/2020,1,22,2845,136,90
12/28/2020,1,15,3371,122,97
12/29/2020,1,21,3086,106,96
12/30/2020,1,16,3783,122,91
12/31/2020,1,23,3371,140,98
1/1/2021,1,23,2910,128,97
1/2/2021,1,22,3092,113,90
1/3/2021,1,19,3440,120,98
1/4/2021,1,14,3313,125,98
1/5/2021,1,13,2867,104,95
1/6/2021,1,19,3008,110,98
1/7/2021,1,17,3568,129,94
1/8/2021,1,10,3289,104,98
1/9/2021,1,25,3260,116,90
1/10/2021,1,20,2939,119,92
1/11/2021,1,14,3627,135,95
1/12/2021,1,18,2584,116,96
1/13/2021,1,22,3868,136,91
1/14/2021,1,16,2896,101,95
1/15/2021,1,22,3634,140,91
1/16/2021,1,22,2562,123,93
1/17/2021,1,19,3681,108,95
1/18/2021,1,19,3756,124,93
1/19/2021,1,20,3550,118,94
1/20/2021,1,14,3224,119,92
1/21/2021,1,14,3706,104,94
1/22/2021,1,16,3444,101,91
1/23/2021,1,19,3806,100,92
1/24/2021,1,18,3475,130,95
1/25/2021,1,18,2628,101,93
1/26/2021,1,22,3976,116,92
1/27/2021,1,23,3971,106,93
1/28/2021,1,18,3641,121,93
1/29/2021,1,17,2981,137,90
1/30/2021,1,18,3927,113,92
1/31/2021,1,20,3501,132,91
2/1/2021,1,12,2717,114,92
2/2/2021,1,24,2966,135,96
2/3/2021,1,25,3598,118,91
2/4/2021,1,22,3524,137,91
2/5/2021,1,19,2886,113,98
2/6/2021,1,28,2861,134,98
2/7/2021,1,24,3312,120,96
2/8/2021,1,19,3353,122,98
2/9/2021,1,19,3715,114,98
2/10/2021,1,21,3386,132,96
2/11/2021,1,24,3643,116,95
2/12/2021,1,25,2825,126,95
2/13/2021,1,22,3920,111,94
2/14/2021,1,29,3988,122,90
2/15/2021,1,22,3326,123,97
2/16/2021,1,26,3724,122,96
2/17/2021,1,21,2696,116,97
2/18/2021,1,20,3294,115,97
2/19/2021,1,22,3103,119,94
2/20/2021,1,21,2521,128,97
2/21/2021,1,25,3998,111,92
2/22/2021,1,11,3147,117,93
2/23/2021,1,17,3599,110,97
2/24/2021,1,26,3285,123,90
2/25/2021,1,22,3191,109,94
2/26/2021,1,22,2793,134,94
2/27/2021,1,19,3290,135,97
2/28/2021,1,23,3052,129,90
2/29/2021,1,18,3634,119,94
3/1/2021,1,19,2661,116,97
3/2/2021,1,25,3133,128,95
3/3/2021,1,25,2594,128,90
3/4/2021,1,19,3873,110,92
3/5/2021,1,28,3852,137,95
3/6/2021,1,23,2723,104,96
3/7/2021,1,13,3699,105,92
3/8/2021,1,23,2551,120,91
3/9/2021,1,24,3451,134,91
3/10/2021,1,28,3909,135,98
3/11/2021,1,27,2711,128,97
3/12/2021,1,26,2826,122,92
3/13/2021,1,31,2750,102,91
3/14/2021,1,16,3010,105,96
3/15/2021,1,24,3558,137,98
3/16/2021,1,15,3954,123,90
3/17/2021,1,19,3948,135,94
3/18/2021,1,22,3260,135,97
3/19/2021,1,24,3935,109,93
3/20/2021,1,17,2662,137,98
3/21/2021,1,22,3007,128,91
3/22/2021,1,19,3375,124,90
3/23/2021,1,24,2519,132,96
3/24/2021,1,13,2985,121,93
3/25/2021,1,36,2636,108,96
3/26/2021,1,28,3030,128,92
3/27/2021,1,28,2830,119,92
3/28/2021,1,25,2677,137,93
3/29/2021,1,23,3467,115,92
3/30/2021,1,16,3625,109,98
3/31/2021,1,19,3689,132,92
4/1/2021,1,25,2978,112,91
4/2/2021,1,33,3301,111,93
4/3/2021,1,41,2586,105,95
4/4/2021,1,26,2992,122,93
4/5/2021,1,34,2548,128,91
4/6/2021,1,22,2656,109,91
4/7/2021,1,27,3758,128,94
4/8/2021,1,26,3302,108,90
4/9/2021,1,39,2538,112,97
4/10/2021,1,39,3561,120,95
4/11/2021,1,26,3049,124,91
4/12/2021,1,30,3036,118,93
4/13/2021,1,22,3235,132,97
4/14/2021,1,27,3724,105,98
4/15/2021,1,34,3535,126,96
4/16/2021,1,37,2728,124,98
4/17/2021,1,28,2720,124,95
4/18/2021,1,26,2531,135,90
4/19/2021,1,25,3383,100,92
4/20/2021,1,29,3497,104,94
4/21/2021,1,33,3160,118,98
4/22/2021,1,31,3337,100,94
4/23/2021,1,39,3990,130,96
4/24/2021,1,28,2934,106,95
4/25/2021,1,26,3425,117,93
4/26/2021,1,22,3877,100,97
4/27/2021,1,22,3104,113,94
4/28/2021,1,29,3870,119,93
4/29/2021,1,31,2864,107,96
4/30/2021,1,45,2950,128,92
5/1/2021,1,38,3552,116,91
5/2/2021,1,22,2944,107,91
5/3/2021,1,29,2912,100,92
5/4/2021,1,25,3364,137,92
5/5/2021,1,36,2507,107,93
5/6/2021,1,36,3610,140,95
5/7/2021,1,37,3617,103,98
5/8/2021,1,39,2635,103,92
5/9/2021,1,22,3662,112,92
5/10/2021,1,25,3961,121,91
5/11/2021,1,27,3638,120,92
5/12/2021,1,27,2960,111,94
5/13/2021,1,38,2537,128,90
5/14/2021,1,36,3643,118,95
5/15/2021,1,34,2875,117,91
5/16/2021,1,19,2660,112,95
5/17/2021,1,30,3255,103,94
5/18/2021,1,22,3855,128,98
5/19/2021,1,32,3048,111,92
5/20/2021,1,36,3659,135,94
5/21/2021,1,33,2930,116,96
5/22/2021,1,30,3698,106,96
5/23/2021,1,24,3180,126,92
5/24/2021,1,32,3756,101,98
5/25/2021,1,26,3510,134,93
5/26/2021,1,26,3077,128,90
5/27/2021,1,32,3367,125,94
5/28/2021,1,39,3795,130,91
5/29/2021,1,38,3665,134,95
5/30/2021,1,17,2618,119,97
5/31/2021,1,33,3029,123,96
6/1/2021,1,22,3865,106,92
6/2/2021,1,30,3468,129,93
6/3/2021,1,33,2705,134,90
6/4/2021,1,31,2710,106,98
6/5/2021,1,35,3725,112,97
6/6/2021,1,31,3215,139,97
6/7/2021,1,21,2709,119,95
6/8/2021,1,29,2719,130,92
6/9/2021,1,27,3631,126,95
6/10/2021,1,49,2916,130,93
6/11/2021,1,37,3186,113,90
6/12/2021,1,45,2908,114,96
6/13/2021,1,38,3114,126,94
6/14/2021,1,30,3418,123,94
6/15/2021,1,30,2976,136,94
6/16/2021,1,35,3630,117,92
6/17/2021,1,32,3270,134,91
6/18/2021,1,38,3492,125,91
6/19/2021,1,30,2881,112,95
6/20/2021,1,24,2540,102,93
6/21/2021,1,31,3273,110,90
6/22/2021,1,29,3023,117,94
6/23/2021,1,33,2612,120,95
6/24/2021,1,35,2563,110,97
6/25/2021,1,39,3618,115,96
6/26/2021,1,35,2721,114,90
6/27/2021,1,32,3701,109,97
6/28/2021,1,45,3049,113,98
6/29/2021,1,26,3600,130,92
6/30/2021,1,37,3213,118,93
7/1/2021,1,27,2603,106,94
7/2/2021,1,37,3313,102,95
7/3/2021,1,41,3128,102,95
7/4/2021,1,26,3442,129,90
7/5/2021,1,30,2884,110,95
7/6/2021,1,29,3013,100,92
7/7/2021,1,42,3925,137,92
7/8/2021,1,46,3120,107,94
7/9/2021,1,48,3120,122,96
7/10/2021,1,43,3995,139,90
7/11/2021,1,25,2793,104,92
7/12/2021,1,28,2567,138,90
7/13/2021,1,37,3800,106,94
7/14/2021,1,41,3739,113,94
7/15/2021,1,37,3561,137,92
7/16/2021,1,42,2914,126,90
7/17/2021,1,36,3214,122,96
7/18/2021,1,26,3519,109,92
7/19/2021,1,24,3121,103,93
7/20/2021,1,33,3175,115,97
7/21/2021,1,40,3958,101,90
7/22/2021,1,26,3603,119,96
7/23/2021,1,36,3830,134,94
7/24/2021,1,29,3744,134,95
7/25/2021,1,36,3518,128,98
7/26/2021,1,38,3256,139,98
7/27/2021,1,27,3617,132,91
7/28/2021,1,41,3489,130,94
7/29/2021,1,38,3292,138,91
7/30/2021,1,41,3585,120,97
7/31/2021,1,32,2816,140,95
8/1/2021,1,23,2699,128,93
8/2/2021,1,21,2764,131,97
8/3/2021,1,29,3751,110,92
8/4/2021,1,18,3298,120,95
8/5/2021,1,35,3961,136,94
8/6/2021,1,36,3363,118,92
8/7/2021,1,49,3579,123,94
8/8/2021,1,31,2918,107,98
8/9/2021,1,30,3063,126,91
8/10/2021,1,22,3748,101,90
8/11/2021,1,18,3131,126,91
8/12/2021,1,42,3975,137,92
8/13/2021,1,23,2830,113,91
8/14/2021,1,44,3152,106,97
8/15/2021,1,22,2721,133,97
8/16/2021,1,21,2956,121,92
8/17/2021,1,33,3956,107,95
8/18/2021,1,37,3351,115,96
8/19/2021,1,26,3238,101,94
8/20/2021,1,36,2694,131,96
8/21/2021,1,42,3222,104,95
8/22/2021,1,19,2793,137,91
8/23/2021,1,32,3874,140,93
8/24/2021,1,35,3171,118,96
8/25/2021,1,26,3290,114,92
8/26/2021,1,33,3496,125,91
8/27/2021,1,39,3238,107,92
8/28/2021,1,39,3379,105,93
8/29/2021,1,23,2959,110,90
8/30/2021,1,36,2856,109,97
8/31/2021,1,31,3372,136,95
9/1/2021,1,28,3118,122,97
9/2/2021,1,27,3534,112,91
9/3/2021,1,37,2990,111,92
9/4/2021,1,38,3713,110,94
9/5/2021,1,23,3481,126,95
9/6/2021,1,22,2702,132,91
9/7/2021,1,21,3452,114,91
9/8/2021,1,22,3248,116,95
9/9/2021,1,24,3296,140,94
9/10/2021,1,33,3675,131,98
9/11/2021,1,27,3047,114,94
9/12/2021,1,26,3340,139,93
9/13/2021,1,22,2966,124,90
9/14/2021,1,25,3182,127,96
9/15/2021,1,22,3211,109,98
9/16/2021,1,35,3921,128,94
9/17/2021,1,30,3819,135,91
9/18/2021,1,30,3747,133,93
9/19/2021,1,15,2675,117,94
9/20/2021,1,29,3947,130,90
9/21/2021,1,24,3549,133,95
9/22/2021,1,25,3132,128,93
9/23/2021,1,28,3184,133,96
9/24/2021,1,37,3441,101,94
9/25/2021,1,30,3793,117,91
9/26/2021,1,28,2865,122,90
9/27/2021,1,31,3269,135,93
9/28/2021,1,45,3978,104,94
9/29/2021,1,26,3214,135,91
9/30/2021,1,36,3376,140,93
10/1/2021,1,28,3428,123,97
10/2/2021,1,38,2686,108,91
10/3/2021,1,8,3080,138,93
10/4/2021,1,22,2785,128,98
10/5/2021,1,24,3769,140,92
10/6/2021,1,27,3312,138,96
10/7/2021,1,31,3131,100,90
10/8/2021,1,40,3195,127,91
10/9/2021,1,32,3327,132,98
10/10/2021,1,20,3881,104,92
10/11/2021,1,30,3257,132,94
10/12/2021,1,26,2932,119,98
10/13/2021,1,22,2571,132,95
10/14/2021,1,31,2833,122,90
10/15/2021,1,35,3615,101,95
10/16/2021,1,31,3156,126,90
10/17/2021,1,19,2860,101,98
10/18/2021,1,28,3016,133,92
10/19/2021,1,25,3958,110,98
10/20/2021,1,24,3055,106,91
10/21/2021,1,37,3400,112,94
10/22/2021,1,26,2924,102,92
10/23/2021,1,22,3292,115,94
10/24/2021,1,21,2640,129,90
10/25/2021,1,21,2751,122,96
10/26/2021,1,28,3102,102,90
10/27/2021,1,30,3277,113,95
10/28/2021,1,29,3928,117,93
10/29/2021,1,30,3932,128,95
10/30/2021,1,20,3818,111,94
10/31/2021,1,22,2601,139,98
11/1/2021,1,32,3961,128,95
11/2/2021,1,31,3341,120,92
11/3/2021,1,27,2979,137,92
11/4/2021,1,25,3210,122,91
11/5/2021,1,33,3243,113,92
11/6/2021,1,45,2949,102,94
11/7/2021,1,14,3516,130,93
11/8/2021,1,25,2657,107,95
11/9/2021,1,24,3799,136,92
11/10/2021,1,34,3285,140,97
11/11/2021,1,24,2716,103,93
11/12/2021,1,30,2821,138,91
11/13/2021,1,25,3400,128,95
11/14/2021,1,23,2609,119,96
11/15/2021,1,27,3681,127,95
11/16/2021,1,18,2690,131,97
11/17/2021,1,35,2960,106,97
11/18/2021,1,21,3342,110,90
11/19/2021,1,27,3735,138,96
11/20/2021,1,46,3629,100,96
11/21/2021,1,26,3873,134,98
11/22/2021,1,23,3746,139,92
11/23/2021,1,22,3075,130,97
11/24/2021,1,35,2663,126,94
11/25/2021,1,23,3137,115,98
11/26/2021,1,27,3029,100,94
11/27/2021,1,37,3707,126,97
11/28/2021,1,21,3392,110,97
11/29/2021,1,37,3869,104,96
11/30/2021,1,25,2611,140,97
12/1/2021,1,19,3362,114,90
12/2/2021,1,15,3086,107,93
12/3/2021,1,23,2856,103,90
12/4/2021,1,30,2600,134,94
12/5/2021,1,25,2938,117,93
12/6/2021,1,14,3641,124,90
12/7/2021,1,16,3979,133,96
12/8/2021,1,23,3217,126,92
12/9/2021,1,21,3442,133,92
12/10/2021,1,37,3914,107,95
12/11/2021,1,23,3499,136,91
12/12/2021,1,24,3868,107,90
12/13/2021,1,14,2937,100,95
12/14/2021,1,17,2575,135,93
12/15/2021,1,24,2873,130,98
12/16/2021,1,25,3060,120,95
12/17/2021,1,24,2533,111,94
12/18/2021,1,23,3034,110,96
12/19/2021,1,21,3873,113,90
12/20/2021,1,26,2896,108,92
12/21/2021,1,24,3340,107,93
12/22/2021,1,21,2962,113,94
12/23/2021,1,18,3149,109,98
12/24/2021,1,26,3241,105,96
12/25/2021,1,24,3558,128,97
12/26/2021,1,11,3846,138,96
12/27/2021,1,22,2618,136,96
12/28/2021,1,15,3530,124,90
12/29/2021,1,19,3426,113,92
12/30/2021,1,21,3227,133,94
12/31/2021,1,26,3361,139,96
1/1/2022,1,20,3966,128,97
1/2/2022,1,16,3001,103,92
1/3/2022,1,17,3689,124,92
1/4/2022,1,20,3744,129,96
1/5/2022,1,26,3267,124,95
1/6/2022,1,17,3054,114,98
1/7/2022,1,22,3811,113,91
1/8/2022,1,18,3189,136,92
1/9/2022,1,17,2978,135,90
1/10/2022,1,11,2516,140,95
1/11/2022,1,20,3232,132,93
1/12/2022,1,23,3537,105,90
1/13/2022,1,16,3435,100,97
1/14/2022,1,20,2998,129,97
1/15/2022,1,25,2999,130,97
1/16/2022,1,16,3131,104,92
1/17/2022,1,22,3839,104,92
1/18/2022,1,23,3688,103,91
1/19/2022,1,23,3459,123,94
1/20/2022,1,18,3218,110,91
1/21/2022,1,24,2965,124,96
1/22/2022,1,23,2845,140,90
1/23/2022,1,18,2554,126,97
1/24/2022,1,21,3535,126,90
1/25/2022,1,16,3459,124,93
1/26/2022,1,27,2956,107,94
1/27/2022,1,21,3444,133,92
1/28/2022,1,20,3128,133,97
1/29/2022,1,21,3228,129,90
1/30/2022,1,16,3082,111,94
1/31/2022,1,17,2562,133,91
2/1/2022,1,22,2634,111,93
2/2/2022,1,28,3922,116,91
2/3/2022,1,33,3588,123,92
2/4/2022,1,28,3638,136,95
2/5/2022,1,20,2942,128,96
2/6/2022,1,20,3249,135,95
2/7/2022,1,22,3431,110,91
2/8/2022,1,17,3268,117,93
2/9/2022,1,24,3513,135,91
2/10/2022,1,26,3258,125,90
2/11/2022,1,28,3664,112,90
2/12/2022,1,20,3664,136,92
2/13/2022,1,18,3734,106,90
2/14/2022,1,26,2940,122,90
2/15/2022,1,19,3667,107,95
2/16/2022,1,19,3832,126,92
2/17/2022,1,19,3880,110,93
2/18/2022,1,22,3618,133,97
2/19/2022,1,20,2705,120,93
2/20/2022,1,18,3521,105,90
2/21/2022,1,19,3197,109,90
2/22/2022,1,22,2691,139,98
2/23/2022,1,17,3029,102,91
2/24/2022,1,24,3021,125,93
2/25/2022,1,27,3020,104,97
2/26/2022,1,26,2587,106,91
2/27/2022,1,18,2957,114,96
2/28/2022,1,17,3197,118,98
3/1/2022,1,19,3380,140,93
3/2/2022,1,14,2734,113,96
3/3/2022,1,27,2653,118,98
3/4/2022,1,27,3689,112,91
3/5/2022,1,25,2549,117,94
3/6/2022,1,21,3901,110,94
3/7/2022,1,28,3609,117,94
3/8/2022,1,25,3245,122,91
3/9/2022,1,21,3266,129,97
3/10/2022,1,23,3290,114,98
3/11/2022,1,40,3898,111,96
3/12/2022,1,33,3573,115,97
3/13/2022,1,26,3234,113,96
3/14/2022,1,22,3274,116,92
3/15/2022,1,27,3724,104,91
3/16/2022,1,25,3869,114,91
3/17/2022,1,29,3862,110,97
3/18/2022,1,32,3269,112,91
3/19/2022,1,25,2890,108,94
3/20/2022,1,16,2636,122,95
3/21/2022,1,19,3795,105,95
3/22/2022,1,26,3714,133,92
3/23/2022,1,15,3394,128,91
3/24/2022,1,34,3371,113,96
3/25/2022,1,27,3296,124,92
3/26/2022,1,17,3933,132,92
3/27/2022,1,22,2719,125,95
3/28/2022,1,27,3848,119,98
3/29/2022,1,33,2772,128,91
3/30/2022,1,23,2514,110,98
3/31/2022,1,30,2923,116,96
4/1/2022,1,42,2982,132,92
4/2/2022,1,28,3562,137,95
4/3/2022,1,25,3331,133,91
4/4/2022,1,26,3619,116,98
4/5/2022,1,31,2961,106,97
4/6/2022,1,29,3771,127,90
4/7/2022,1,44,3379,136,91
4/8/2022,1,32,2807,110,95
4/9/2022,1,37,3163,114,93
4/10/2022,1,26,2670,105,97
4/11/2022,1,29,3549,116,95
4/12/2022,1,26,3777,126,97
4/13/2022,1,28,2844,127,95
4/14/2022,1,25,3161,110,96
4/15/2022,1,52,3808,118,95
4/16/2022,1,28,2951,119,95
4/17/2022,1,26,2769,121,91
4/18/2022,1,25,3848,126,93
4/19/2022,1,30,2501,132,97
4/20/2022,1,22,3389,107,95
4/21/2022,1,26,3117,114,93
4/22/2022,1,41,3255,116,95
4/23/2022,1,31,3373,102,94
4/24/2022,1,30,2650,133,90
4/25/2022,1,25,3088,101,91
4/26/2022,1,20,2794,126,91
4/27/2022,1,36,3476,110,91
4/28/2022,1,34,2757,132,97
4/29/2022,1,32,3992,140,96
4/30/2022,1,45,3453,104,96
5/1/2022,1,26,3629,139,96
5/2/2022,1,25,2620,138,97
5/3/2022,1,32,3737,126,94
5/4/2022,1,31,2693,131,90
5/5/2022,1,32,3860,101,97
5/6/2022,1,33,2961,131,97
5/7/2022,1,38,3794,129,97
5/8/2022,1,40,3166,101,92
5/9/2022,1,37,2991,104,90
5/10/2022,1,31,3923,108,96
5/11/2022,1,32,3125,123,90
5/12/2022,1,32,3737,125,95
5/13/2022,1,43,3942,106,93
5/14/2022,1,31,3175,126,95
5/15/2022,1,20,3489,116,92
5/16/2022,1,30,3679,103,92
5/17/2022,1,20,3221,109,91
5/18/2022,1,37,2990,127,92
5/19/2022,1,26,3342,122,92
5/20/2022,1,35,3191,139,96
5/21/2022,1,34,3236,116,97
5/22/2022,1,24,3507,107,94
5/23/2022,1,29,3715,124,98
5/24/2022,1,36,3164,111,94
5/25/2022,1,33,3417,109,97
5/26/2022,1,34,3933,110,91
5/27/2022,1,33,2704,135,98
5/28/2022,1,43,3901,105,95
5/29/2022,1,32,2566,120,96
5/30/2022,1,31,3692,110,96
5/31/2022,1,40,3399,110,91
6/1/2022,1,42,2877,126,97
6/2/2022,1,32,2527,126,90
6/3/2022,1,35,2819,121,93
6/4/2022,1,50,2915,137,97
6/5/2022,1,19,2932,100,91
6/6/2022,1,38,3735,121,92
6/7/2022,1,25,2527,103,91
6/8/2022,1,32,3201,113,97
6/9/2022,1,40,3955,112,91
6/10/2022,1,29,3340,107,93
6/11/2022,1,41,3894,102,93
6/12/2022,1,22,3933,100,98
6/13/2022,1,30,3379,133,98
6/14/2022,1,30,3464,139,93
6/15/2022,1,36,3915,116,97
6/16/2022,1,37,3917,123,97
6/17/2022,1,50,3139,137,93
6/18/2022,1,38,3576,134,95
6/19/2022,1,33,2713,120,98
6/20/2022,1,28,3635,110,90
6/21/2022,1,34,2796,110,93
6/22/2022,1,30,3899,103,96
6/23/2022,1,50,3748,126,94
6/24/2022,1,28,3353,102,91
6/25/2022,1,47,3499,137,98
6/26/2022,1,37,2745,127,92
6/27/2022,1,29,2517,122,90
6/28/2022,1,38,3296,124,98
6/29/2022,1,32,2683,106,90
6/30/2022,1,45,3934,124,92
7/1/2022,1,35,3131,130,95
7/2/2022,1,40,3735,120,96
7/3/2022,1,32,2603,137,98
7/4/2022,1,44,3746,102,95
7/5/2022,1,29,2574,138,98
7/6/2022,1,41,2922,126,93
7/7/2022,1,49,3526,109,96
7/8/2022,1,32,3629,129,97
7/9/2022,1,36,2580,118,90
7/10/2022,1,30,2518,109,94
7/11/2022,1,35,2691,102,93
7/12/2022,1,42,2580,108,92
7/13/2022,1,35,3322,128,93
7/14/2022,1,34,3238,133,98
7/15/2022,1,40,2696,123,95
7/16/2022,1,51,3747,114,98
7/17/2022,1,34,3490,108,92
7/18/2022,1,40,2726,133,92
7/19/2022,1,28,3481,131,94
7/20/2022,1,36,3633,130,90
7/21/2022,1,32,2668,104,98
7/22/2022,1,41,2846,122,91
7/23/2022,1,46,3568,133,92
7/24/2022,1,21,2824,137,94
7/25/2022,1,38,2712,124,91
7/26/2022,1,40,3668,103,95
7/27/2022,1,28,2835,101,90
7/28/2022,1,49,2918,140,98
7/29/2022,1,34,3607,137,94
7/30/2022,1,45,3736,137,96
7/31/2022,1,24,2912,128,94
8/1/2022,1,30,3392,120,96
8/2/2022,1,35,2714,116,94
8/3/2022,1,27,3172,131,92
8/4/2022,1,34,3208,131,93
8/5/2022,1,45,3624,130,98
8/6/2022,1,34,3757,103,92
8/7/2022,1,25,2935,138,90
8/8/2022,1,30,3997,136,92
8/9/2022,1,25,3946,136,94
8/10/2022,1,30,3001,129,95
8/11/2022,1,34,3850,135,98
8/12/2022,1,41,3272,133,94
8/13/2022,1,30,3850,121,93
8/14/2022,1,12,2775,139,98
8/15/2022,1,28,3441,107,96
8/16/2022,1,32,3664,116,96
8/17/2022,1,40,2777,108,94
8/18/2022,1,20,3703,129,92
8/19/2022,1,31,3070,121,91
8/20/2022,1,31,2933,123,94
8/21/2022,1,25,3319,126,91
8/22/2022,1,33,2767,112,91
8/23/2022,1,30,3513,137,91
8/24/2022,1,35,3124,135,91
8/25/2022,1,37,3567,126,90
8/26/2022,1,30,3466,126,94
8/27/2022,1,29,3014,122,95
8/28/2022,1,29,3762,100,94
8/29/2022,1,27,3095,123,96
8/30/2022,1,24,3798,100,96
8/31/2022,1,29,2549,134,96
9/1/2022,1,33,2841,108,95
9/2/2022,1,22,3352,111,91
9/3/2022,1,30,3030,128,92
9/4/2022,1,21,2862,132,95
9/5/2022,1,25,3138,135,97
9/6/2022,1,24,3195,106,96
9/7/2022,1,34,3338,112,94
9/8/2022,1,44,2687,116,92
9/9/2022,1,36,3381,134,97
9/10/2022,1,32,3608,129,90
9/11/2022,1,29,3323,120,93
9/12/2022,1,19,3277,110,98
9/13/2022,1,31,3158,114,91
9/14/2022,1,39,3853,120,91
9/15/2022,1,29,2985,121,95
9/16/2022,1,33,3230,113,90
9/17/2022,1,37,3329,131,90
9/18/2022,1,19,3217,112,98
9/19/2022,1,30,3802,124,97
9/20/2022,1,25,3463,117,95
9/21/2022,1,34,3890,136,98
9/22/2022,1,30,3057,113,96
9/23/2022,1,24,3969,119,91
9/24/2022,1,36,3627,105,98
9/25/2022,1,26,2745,112,97
9/26/2022,1,21,3918,109,92
9/27/2022,1,29,2688,113,90
9/28/2022,1,24,3480,121,93
9/29/2022,1,21,2632,101,91
9/30/2022,1,28,3872,126,96
10/1/2022,1,42,3727,118,98
10/2/2022,1,18,2761,105,97
10/3/2022,1,21,3731,119,94
10/4/2022,1,29,3670,106,90
10/5/2022,1,31,3563,112,96
10/6/2022,1,26,2965,129,93
10/7/2022,1,32,2963,139,92
10/8/2022,1,46,2880,110,97
10/9/2022,1,25,3703,124,91
10/10/2022,1,20,2649,103,98
10/11/2022,1,26,3657,140,94
10/12/2022,1,27,3515,103,95
10/13/2022,1,29,2708,136,96
10/14/2022,1,31,3612,134,93
10/15/2022,1,23,3377,111,91
10/16/2022,1,19,3775,117,90
10/17/2022,1,27,2833,136,94
10/18/2022,1,20,3632,129,97
10/19/2022,1,27,2830,123,93
10/20/2022,1,30,3638,104,90
10/21/2022,1,36,2501,118,97
10/22/2022,1,44,2670,132,93
10/23/2022,1,24,3440,118,94
10/24/2022,1,28,3899,125,94
10/25/2022,1,23,3570,105,92
10/26/2022,1,22,2565,120,95
10/27/2022,1,30,3783,130,94
10/28/2022,1,34,3695,119,93
10/29/2022,1,39,2693,108,90
10/30/2022,1,29,3233,132,97
10/31/2022,1,26,3159,119,90
11/1/2022,1,24,2707,134,92
11/2/2022,1,29,3717,114,98
11/3/2022,1,32,2978,125,94
11/4/2022,1,41,3108,115,91
11/5/2022,1,32,2608,126,97
11/6/2022,1,22,2766,113,95
11/7/2022,1,27,3949,140,91
11/8/2022,1,31,3794,104,95
11/9/2022,1,33,3369,118,97
11/10/2022,1,23,2619,133,94
11/11/2022,1,34,2606,133,93
11/12/2022,1,27,2993,105,93
11/13/2022,1,24,2685,104,97
11/14/2022,1,26,2839,111,97
11/15/2022,1,33,3653,128,96
11/16/2022,1,27,3952,122,94
11/17/2022,1,34,3797,120,92
11/18/2022,1,30,3469,112,94
11/19/2022,1,34,3266,109,96
11/20/2022,1,33,3839,132,96
11/21/2022,1,32,3390,120,90
11/22/2022,1,27,2754,133,96
11/23/2022,1,23,2625,110,91
11/24/2022,1,31,3673,121,97
11/25/2022,1,29,3293,131,94
11/26/2022,1,30,3855,109,96
11/27/2022,1,27,3309,104,97
11/28/2022,1,24,2715,111,93
11/29/2022,1,32,2658,108,93
11/30/2022,1,27,3029,107,95
12/1/2022,1,19,3263,128,91
12/2/2022,1,31,3338,122,95
12/3/2022,1,26,2582,116,95
12/4/2022,1,17,3267,106,92
12/5/2022,1,21,3924,127,97
12/6/2022,1,28,3769,135,95
12/7/2022,1,17,3156,129,92
12/8/2022,1,26,3939,128,90
12/9/2022,1,29,3226,105,91
12/10/2022,1,28,2717,113,94
12/11/2022,1,19,3590,139,92
12/12/2022,1,18,2665,128,96
12/13/2022,1,26,3730,127,96
12/14/2022,1,31,3555,100,96
12/15/2022,1,20,3097,107,92
12/16/2022,1,32,2943,135,96
12/17/2022,1,19,3847,130,93
12/18/2022,1,21,3595,124,97
12/19/2022,1,19,2996,125,98
12/20/2022,1,24,3317,107,96
12/21/2022,1,29,3011,129,92
12/22/2022,1,22,2610,120,92
12/23/2022,1,27,3839,139,93
12/24/2022,1,27,3739,106,96
12/25/2022,1,13,3709,134,93
12/26/2022,1,16,2899,103,93
12/27/2022,1,16,2508,100,92
12/28/2022,1,17,3304,126,97
12/29/2022,1,21,3994,100,96
12/30/2022,1,31,2972,107,93
12/31/2022,1,19,2967,101,97
