date,warehouse,item,sales,marketing_expense,economic_indicator,competitor_pricing
1/1/2018,1,2,33,3039,105,92
1/2/2018,1,2,43,3340,105,96
1/3/2018,1,2,23,3103,101,91
1/4/2018,1,2,18,3016,102,95
1/5/2018,1,2,34,3066,110,95
1/6/2018,1,2,38,3253,106,94
1/7/2018,1,2,27,3087,103,97
1/8/2018,1,2,28,3476,101,98
1/9/2018,1,2,34,3263,106,99
1/10/2018,1,2,27,2890,108,94
1/11/2018,1,2,28,2725,105,97
1/12/2018,1,2,39,2693,109,93
1/13/2018,1,2,28,2523,108,91
1/14/2018,1,2,30,2528,110,94
1/15/2018,1,2,27,3082,103,92
1/16/2018,1,2,19,3483,101,92
1/17/2018,1,2,29,2872,102,98
1/18/2018,1,2,29,2659,106,94
1/19/2018,1,2,44,3191,103,98
1/20/2018,1,2,34,3452,110,96
1/21/2018,1,2,15,3032,101,97
1/22/2018,1,2,29,3470,110,92
1/23/2018,1,2,21,2735,110,92
1/24/2018,1,2,33,2633,102,96
1/25/2018,1,2,29,3106,108,94
1/26/2018,1,2,33,3128,101,98
1/27/2018,1,2,32,3072,110,95
1/28/2018,1,2,16,3372,108,98
1/29/2018,1,2,35,3033,108,93
1/30/2018,1,2,29,2741,109,95
1/31/2018,1,2,27,2635,105,92
2/1/2018,1,2,30,3464,104,91
2/2/2018,1,2,26,2706,109,96
2/3/2018,1,2,39,3094,103,93
2/4/2018,1,2,30,3037,106,98
2/5/2018,1,2,34,2642,103,93
2/6/2018,1,2,22,2531,107,95
2/7/2018,1,2,42,3388,103,99
2/8/2018,1,2,27,2762,105,97
2/9/2018,1,2,28,3048,106,96
2/10/2018,1,2,34,3040,107,92
2/11/2018,1,2,25,2597,109,99
2/12/2018,1,2,39,3012,107,96
2/13/2018,1,2,17,2854,106,98
2/14/2018,1,2,35,3122,106,93
2/15/2018,1,2,34,3307,109,98
2/16/2018,1,2,39,2887,106,99
2/17/2018,1,2,46,3020,109,91
2/18/2018,1,2,31,2602,104,97
2/19/2018,1,2,30,3485,108,99
2/20/2018,1,2,24,3176,103,99
2/21/2018,1,2,31,3248,107,93
2/22/2018,1,2,40,3018,102,93
2/23/2018,1,2,37,3325,102,91
2/24/2018,1,2,33,2532,107,93
2/25/2018,1,2,13,2758,108,98
2/26/2018,1,2,33,3220,104,91
2/27/2018,1,2,19,3287,102,92
2/28/2018,1,2,35,2710,108,98
3/1/2018,1,2,42,2964,105,94
3/2/2018,1,2,49,2802,105,93
3/3/2018,1,2,49,2938,105,95
3/4/2018,1,2,33,2792,105,97
3/5/2018,1,2,42,2720,101,96
3/6/2018,1,2,43,2821,108,93
3/7/2018,1,2,48,3420,101,98
3/8/2018,1,2,43,2752,107,99
3/9/2018,1,2,43,2903,105,93
3/10/2018,1,2,43,3351,101,94
3/11/2018,1,2,34,3084,103,92
3/12/2018,1,2,30,2780,103,99
3/13/2018,1,2,36,3411,105,93
3/14/2018,1,2,44,3297,103,93
3/15/2018,1,2,52,2920,103,95
3/16/2018,1,2,58,3414,109,97
3/17/2018,1,2,46,2721,104,91
3/18/2018,1,2,37,3371,108,99
3/19/2018,1,2,48,3284,101,96
3/20/2018,1,2,43,2547,102,97
3/21/2018,1,2,43,2731,108,94
3/22/2018,1,2,30,2991,102,92
3/23/2018,1,2,51,3209,110,93
3/24/2018,1,2,40,2628,105,92
3/25/2018,1,2,34,2878,106,97
3/26/2018,1,2,27,3068,108,92
3/27/2018,1,2,33,2983,106,92
3/28/2018,1,2,38,3293,106,97
3/29/2018,1,2,45,2685,109,97
3/30/2018,1,2,51,3137,103,99
3/31/2018,1,2,44,3417,108,99
4/1/2018,1,2,40,3125,110,91
4/2/2018,1,2,44,2760,102,94
4/3/2018,1,2,40,2960,104,95
4/4/2018,1,2,53,3240,104,92
4/5/2018,1,2,45,3177,106,94
4/6/2018,1,2,46,3031,101,95
4/7/2018,1,2,57,2685,103,91
4/8/2018,1,2,44,2791,107,98
4/9/2018,1,2,31,3251,105,91
4/10/2018,1,2,49,3422,108,91
4/11/2018,1,2,41,3000,104,91
4/12/2018,1,2,53,2527,110,92
4/13/2018,1,2,50,3407,103,95
4/14/2018,1,2,53,2740,103,98
4/15/2018,1,2,28,3071,110,92
4/16/2018,1,2,45,2815,108,91
4/17/2018,1,2,45,2723,110,98
4/18/2018,1,2,45,2703,109,92
4/19/2018,1,2,58,3271,102,92
4/20/2018,1,2,26,2700,102,92
4/21/2018,1,2,48,2535,108,96
4/22/2018,1,2,27,2700,110,92
4/23/2018,1,2,38,3498,102,99
4/24/2018,1,2,40,3401,102,97
4/25/2018,1,2,51,2925,109,96
4/26/2018,1,2,48,3245,104,94
4/27/2018,1,2,42,3488,103,99
4/28/2018,1,2,53,3475,105,91
4/29/2018,1,2,36,3388,102,97
4/30/2018,1,2,40,2737,110,99
5/1/2018,1,2,51,2880,101,98
5/2/2018,1,2,54,2757,104,94
5/3/2018,1,2,49,2706,109,94
5/4/2018,1,2,49,3173,110,96
5/5/2018,1,2,60,2680,108,94
5/6/2018,1,2,38,2554,110,99
5/7/2018,1,2,43,3010,102,99
5/8/2018,1,2,45,3156,104,96
5/9/2018,1,2,46,2983,104,94
5/10/2018,1,2,58,2870,107,98
5/11/2018,1,2,63,3235,103,92
5/12/2018,1,2,53,2926,108,94
5/13/2018,1,2,49,3406,107,97
5/14/2018,1,2,35,3416,103,91
5/15/2018,1,2,43,3499,108,91
5/16/2018,1,2,49,2794,103,92
5/17/2018,1,2,45,2804,105,98
5/18/2018,1,2,53,3243,108,93
5/19/2018,1,2,53,2565,106,94
5/20/2018,1,2,38,2553,104,98
5/21/2018,1,2,53,3324,106,95
5/22/2018,1,2,38,3285,110,98
5/23/2018,1,2,69,3226,103,96
5/24/2018,1,2,48,3123,106,91
5/25/2018,1,2,45,3437,104,98
5/26/2018,1,2,64,3061,107,98
5/27/2018,1,2,38,2517,104,96
5/28/2018,1,2,48,2694,109,94
5/29/2018,1,2,44,2810,102,99
5/30/2018,1,2,48,2509,109,91
5/31/2018,1,2,58,2728,104,91
6/1/2018,1,2,55,3221,107,92
6/2/2018,1,2,51,3051,102,97
6/3/2018,1,2,43,2865,108,96
6/4/2018,1,2,41,2960,102,93
6/5/2018,1,2,67,2795,102,95
6/6/2018,1,2,43,2761,105,98
6/7/2018,1,2,69,3366,109,93
6/8/2018,1,2,52,3114,108,91
6/9/2018,1,2,65,2573,108,92
6/10/2018,1,2,48,2755,109,94
6/11/2018,1,2,49,3143,107,94
6/12/2018,1,2,56,2937,110,91
6/13/2018,1,2,57,3090,103,96
6/14/2018,1,2,58,2669,103,92
6/15/2018,1,2,52,3421,109,93
6/16/2018,1,2,52,2981,109,95
6/17/2018,1,2,55,2895,108,98
6/18/2018,1,2,45,3135,109,94
6/19/2018,1,2,48,2636,109,96
6/20/2018,1,2,44,3132,107,92
6/21/2018,1,2,47,2837,107,93
6/22/2018,1,2,60,2855,101,92
6/23/2018,1,2,55,3265,105,99
6/24/2018,1,2,60,3232,109,97
6/25/2018,1,2,50,2516,101,93
6/26/2018,1,2,69,2937,103,92
6/27/2018,1,2,64,3345,109,91
6/28/2018,1,2,71,3353,106,93
6/29/2018,1,2,56,3141,109,91
6/30/2018,1,2,61,3241,109,94
7/1/2018,1,2,46,2672,103,91
7/2/2018,1,2,48,2911,105,94
7/3/2018,1,2,57,3145,105,94
7/4/2018,1,2,50,2522,106,98
7/5/2018,1,2,58,2717,105,95
7/6/2018,1,2,73,2699,103,99
7/7/2018,1,2,52,2916,102,95
7/8/2018,1,2,47,3233,104,96
7/9/2018,1,2,49,3438,105,97
7/10/2018,1,2,56,2870,104,94
7/11/2018,1,2,54,3038,101,92
7/12/2018,1,2,46,2784,104,96
7/13/2018,1,2,62,2917,108,98
7/14/2018,1,2,82,2671,110,97
7/15/2018,1,2,39,3167,108,97
7/16/2018,1,2,57,3327,102,93
7/17/2018,1,2,55,2638,106,92
7/18/2018,1,2,58,3099,108,98
7/19/2018,1,2,57,3001,110,91
7/20/2018,1,2,78,3001,108,92
7/21/2018,1,2,62,2809,106,94
7/22/2018,1,2,45,2668,104,98
7/23/2018,1,2,51,3386,104,98
7/24/2018,1,2,47,3300,108,97
7/25/2018,1,2,57,3094,104,95
7/26/2018,1,2,68,3393,110,99
7/27/2018,1,2,67,2856,102,92
7/28/2018,1,2,74,2762,108,96
7/29/2018,1,2,40,2586,110,94
7/30/2018,1,2,60,2675,107,95
7/31/2018,1,2,48,3481,108,98
8/1/2018,1,2,53,3106,107,95
8/2/2018,1,2,53,3425,110,95
8/3/2018,1,2,62,3175,108,93
8/4/2018,1,2,55,2742,104,95
8/5/2018,1,2,47,3288,105,98
8/6/2018,1,2,60,2897,105,97
8/7/2018,1,2,41,3018,104,97
8/8/2018,1,2,54,2967,107,97
8/9/2018,1,2,69,3237,103,93
8/10/2018,1,2,53,2870,108,92
8/11/2018,1,2,64,2594,105,98
8/12/2018,1,2,36,3166,101,93
8/13/2018,1,2,42,3078,104,91
8/14/2018,1,2,40,2861,107,91
8/15/2018,1,2,45,2552,110,92
8/16/2018,1,2,47,2568,103,99
8/17/2018,1,2,60,3012,106,94
8/18/2018,1,2,60,2542,110,99
8/19/2018,1,2,39,2693,103,93
8/20/2018,1,2,48,3128,105,93
8/21/2018,1,2,52,3461,110,97
8/22/2018,1,2,44,2654,109,92
8/23/2018,1,2,44,3460,110,99
8/24/2018,1,2,64,3093,104,91
8/25/2018,1,2,54,3357,107,92
8/26/2018,1,2,37,3445,101,97
8/27/2018,1,2,55,3353,107,99
8/28/2018,1,2,49,2780,109,92
8/29/2018,1,2,48,2527,103,98
8/30/2018,1,2,56,2743,102,94
8/31/2018,1,2,60,3243,107,92
9/1/2018,1,2,42,2902,102,93
9/2/2018,1,2,38,3220,104,95
9/3/2018,1,2,45,3201,106,95
9/4/2018,1,2,42,2995,106,91
9/5/2018,1,2,45,2842,103,96
9/6/2018,1,2,43,2878,109,92
9/7/2018,1,2,60,2781,106,91
9/8/2018,1,2,44,3308,106,94
9/9/2018,1,2,36,2632,110,91
9/10/2018,1,2,40,3067,109,95
9/11/2018,1,2,47,3320,108,92
9/12/2018,1,2,59,3169,110,92
9/13/2018,1,2,50,2871,109,92
9/14/2018,1,2,44,3416,101,98
9/15/2018,1,2,46,3139,109,95
9/16/2018,1,2,34,2693,105,97
9/17/2018,1,2,43,2530,108,95
9/18/2018,1,2,47,2543,103,96
9/19/2018,1,2,47,2992,102,92
9/20/2018,1,2,44,3024,102,94
9/21/2018,1,2,56,2660,101,93
9/22/2018,1,2,60,2591,108,97
9/23/2018,1,2,39,3335,101,91
9/24/2018,1,2,40,3101,105,95
9/25/2018,1,2,39,3147,105,94
9/26/2018,1,2,47,2883,110,92
9/27/2018,1,2,54,3183,106,92
9/28/2018,1,2,44,3082,106,91
9/29/2018,1,2,56,3084,110,95
9/30/2018,1,2,22,3012,105,91
10/1/2018,1,2,36,3077,107,96
10/2/2018,1,2,44,2705,107,98
10/3/2018,1,2,31,2799,109,98
10/4/2018,1,2,38,2736,101,96
10/5/2018,1,2,52,2769,108,96
10/6/2018,1,2,42,3450,106,93
10/7/2018,1,2,40,3022,106,93
10/8/2018,1,2,30,3176,106,97
10/9/2018,1,2,45,2544,110,93
10/10/2018,1,2,58,3041,110,93
10/11/2018,1,2,45,2621,108,92
10/12/2018,1,2,43,2668,106,91
10/13/2018,1,2,53,3032,105,99
10/14/2018,1,2,44,3310,107,96
10/15/2018,1,2,32,2745,105,96
10/16/2018,1,2,40,2977,103,92
10/17/2018,1,2,51,3139,108,98
10/18/2018,1,2,38,2962,110,92
10/19/2018,1,2,46,3209,106,96
10/20/2018,1,2,57,3215,109,97
10/21/2018,1,2,33,2797,103,91
10/22/2018,1,2,49,2987,104,97
10/23/2018,1,2,45,3480,106,94
10/24/2018,1,2,43,3416,102,98
10/25/2018,1,2,32,2941,106,91
10/26/2018,1,2,52,2607,109,97
10/27/2018,1,2,54,2737,102,91
10/28/2018,1,2,38,3281,101,94
10/29/2018,1,2,34,3080,105,96
10/30/2018,1,2,41,3396,110,95
10/31/2018,1,2,44,3239,109,91
11/1/2018,1,2,51,2553,104,97
11/2/2018,1,2,50,2636,104,93
11/3/2018,1,2,52,3378,108,99
11/4/2018,1,2,32,2662,104,93
11/5/2018,1,2,40,3289,107,99
11/6/2018,1,2,41,3115,102,96
11/7/2018,1,2,47,3005,105,91
11/8/2018,1,2,43,3384,102,99
11/9/2018,1,2,53,2544,105,93
11/10/2018,1,2,68,3397,103,95
11/11/2018,1,2,40,3182,106,96
11/12/2018,1,2,41,2928,103,92
11/13/2018,1,2,40,2751,103,97
11/14/2018,1,2,53,3491,101,93
11/15/2018,1,2,60,3421,104,92
11/16/2018,1,2,54,3079,101,93
11/17/2018,1,2,46,2683,104,93
11/18/2018,1,2,24,2599,103,96
11/19/2018,1,2,47,3412,107,97
11/20/2018,1,2,40,2773,107,91
11/21/2018,1,2,46,2523,110,96
11/22/2018,1,2,53,3018,102,97
11/23/2018,1,2,49,2898,102,92
11/24/2018,1,2,63,2659,110,99
11/25/2018,1,2,30,2637,101,98
11/26/2018,1,2,55,2577,105,98
11/27/2018,1,2,49,3238,101,98
11/28/2018,1,2,54,2620,109,93
11/29/2018,1,2,50,2701,109,91
11/30/2018,1,2,56,3283,110,98
12/1/2018,1,2,42,2944,104,94
12/2/2018,1,2,31,3249,101,98
12/3/2018,1,2,24,3355,108,91
12/4/2018,1,2,31,2598,106,92
12/5/2018,1,2,24,2619,101,97
12/6/2018,1,2,33,2512,107,95
12/7/2018,1,2,33,3203,107,94
12/8/2018,1,2,43,2573,101,99
12/9/2018,1,2,24,3101,102,97
12/10/2018,1,2,24,2942,110,91
12/11/2018,1,2,21,2565,108,94
12/12/2018,1,2,32,2767,106,92
12/13/2018,1,2,36,2630,104,93
12/14/2018,1,2,40,3326,108,95
12/15/2018,1,2,50,2994,108,92
12/16/2018,1,2,19,3453,107,98
12/17/2018,1,2,28,3185,101,91
12/18/2018,1,2,38,2627,108,94
12/19/2018,1,2,30,2856,102,97
12/20/2018,1,2,30,3340,104,95
12/21/2018,1,2,38,2684,110,99
12/22/2018,1,2,37,3264,104,96
12/23/2018,1,2,29,3366,102,94
12/24/2018,1,2,24,3354,103,97
12/25/2018,1,2,38,2825,109,96
12/26/2018,1,2,48,3089,105,92
12/27/2018,1,2,40,3282,102,95
12/28/2018,1,2,32,3239,105,98
12/29/2018,1,2,46,3240,101,93
12/30/2018,1,2,28,3370,107,92
12/31/2018,1,2,30,2620,104,92
1/1/2019,1,2,33,3486,104,91
1/2/2019,1,2,37,2782,102,99
1/3/2019,1,2,52,2669,101,95
1/4/2019,1,2,33,2956,107,97
1/5/2019,1,2,49,3199,110,95
1/6/2019,1,2,29,3050,105,98
1/7/2019,1,2,46,3051,108,91
1/8/2019,1,2,35,3042,109,91
1/9/2019,1,2,44,2969,101,92
1/10/2019,1,2,41,3112,101,95
1/11/2019,1,2,39,2779,107,98
1/12/2019,1,2,34,3255,106,97
1/13/2019,1,2,22,2946,109,99
1/14/2019,1,2,34,3360,110,98
1/15/2019,1,2,33,3321,104,98
1/16/2019,1,2,33,3320,102,91
1/17/2019,1,2,31,3018,103,97
1/18/2019,1,2,52,3423,110,99
1/19/2019,1,2,41,2599,101,93
1/20/2019,1,2,28,3318,106,91
1/21/2019,1,2,25,2618,104,95
1/22/2019,1,2,35,2805,107,96
1/23/2019,1,2,34,3328,105,95
1/24/2019,1,2,42,2875,110,98
1/25/2019,1,2,27,3085,107,95
1/26/2019,1,2,43,3463,105,93
1/27/2019,1,2,19,2770,104,97
1/28/2019,1,2,39,3019,110,92
1/29/2019,1,2,29,3452,105,95
1/30/2019,1,2,37,3204,109,97
1/31/2019,1,2,40,3071,104,92
2/1/2019,1,2,43,2958,102,99
2/2/2019,1,2,51,3458,102,97
2/3/2019,1,2,24,3449,109,94
2/4/2019,1,2,27,3258,109,91
2/5/2019,1,2,40,3137,108,96
2/6/2019,1,2,43,2531,101,93
2/7/2019,1,2,46,2963,104,94
2/8/2019,1,2,43,2556,104,98
2/9/2019,1,2,41,2797,107,95
2/10/2019,1,2,35,3213,109,92
2/11/2019,1,2,30,3242,106,96
2/12/2019,1,2,43,3011,103,97
2/13/2019,1,2,40,2994,107,91
2/14/2019,1,2,41,3242,110,91
2/15/2019,1,2,44,2610,108,92
2/16/2019,1,2,48,2919,105,95
2/17/2019,1,2,37,2571,110,98
2/18/2019,1,2,42,2608,104,93
2/19/2019,1,2,28,3077,104,92
2/20/2019,1,2,46,2623,106,97
2/21/2019,1,2,35,2668,110,95
2/22/2019,1,2,42,2765,105,94
2/23/2019,1,2,47,2618,107,92
2/24/2019,1,2,39,2640,107,97
2/25/2019,1,2,36,2868,109,94
2/26/2019,1,2,44,2837,101,95
2/27/2019,1,2,47,3029,104,97
2/28/2019,1,2,53,2809,102,95
3/1/2019,1,2,45,2631,104,99
3/2/2019,1,2,60,2678,107,97
3/3/2019,1,2,44,2783,108,94
3/4/2019,1,2,38,3444,108,95
3/5/2019,1,2,38,2532,106,98
3/6/2019,1,2,46,2855,101,93
3/7/2019,1,2,45,2954,101,99
3/8/2019,1,2,49,3092,110,93
3/9/2019,1,2,57,3468,108,91
3/10/2019,1,2,44,2671,108,93
3/11/2019,1,2,36,2645,107,99
3/12/2019,1,2,42,3343,104,91
3/13/2019,1,2,43,2791,108,95
3/14/2019,1,2,52,3187,101,98
3/15/2019,1,2,55,2965,108,98
3/16/2019,1,2,53,2936,102,96
3/17/2019,1,2,33,2843,102,95
3/18/2019,1,2,47,2526,103,95
3/19/2019,1,2,47,2916,105,93
3/20/2019,1,2,36,3393,101,92
3/21/2019,1,2,50,2717,101,96
3/22/2019,1,2,46,2750,102,98
3/23/2019,1,2,44,3179,102,96
3/24/2019,1,2,28,2957,105,92
3/25/2019,1,2,38,3119,106,96
3/26/2019,1,2,44,3258,107,93
3/27/2019,1,2,41,3126,102,93
3/28/2019,1,2,43,3014,106,95
3/29/2019,1,2,49,2998,101,94
3/30/2019,1,2,70,3034,108,97
3/31/2019,1,2,43,2765,107,94
4/1/2019,1,2,51,2848,109,95
4/2/2019,1,2,48,3211,105,91
4/3/2019,1,2,48,2846,105,97
4/4/2019,1,2,65,2578,102,96
4/5/2019,1,2,47,3165,105,97
4/6/2019,1,2,74,3484,110,94
4/7/2019,1,2,30,2581,101,97
4/8/2019,1,2,61,2821,107,99
4/9/2019,1,2,45,2960,106,93
4/10/2019,1,2,60,3006,109,92
4/11/2019,1,2,68,2952,108,93
4/12/2019,1,2,73,2937,102,91
4/13/2019,1,2,73,3086,103,96
4/14/2019,1,2,47,2916,101,94
4/15/2019,1,2,42,2530,101,92
4/16/2019,1,2,52,2968,110,92
4/17/2019,1,2,41,2764,103,96
4/18/2019,1,2,50,3184,107,99
4/19/2019,1,2,63,3371,107,97
4/20/2019,1,2,87,2976,107,97
4/21/2019,1,2,36,2714,107,96
4/22/2019,1,2,59,3174,105,97
4/23/2019,1,2,59,2542,110,95
4/24/2019,1,2,46,3500,105,94
4/25/2019,1,2,67,3249,107,99
4/26/2019,1,2,61,2998,102,99
4/27/2019,1,2,69,2524,102,94
4/28/2019,1,2,29,3340,101,97
4/29/2019,1,2,48,3217,108,94
4/30/2019,1,2,46,2748,109,96
5/1/2019,1,2,46,2816,101,99
5/2/2019,1,2,74,3412,110,99
5/3/2019,1,2,65,2748,107,94
5/4/2019,1,2,82,2707,101,94
5/5/2019,1,2,39,2848,105,93
5/6/2019,1,2,63,3272,102,97
5/7/2019,1,2,61,3212,101,96
5/8/2019,1,2,60,3428,102,97
5/9/2019,1,2,66,2893,110,94
5/10/2019,1,2,67,3414,104,93
5/11/2019,1,2,78,2712,109,92
5/12/2019,1,2,47,3149,109,96
5/13/2019,1,2,53,3478,108,92
5/14/2019,1,2,52,3129,105,96
5/15/2019,1,2,50,3287,107,97
5/16/2019,1,2,56,3337,105,99
5/17/2019,1,2,71,2826,107,98
5/18/2019,1,2,77,3208,101,93
5/19/2019,1,2,49,2579,105,92
5/20/2019,1,2,62,2809,103,92
5/21/2019,1,2,55,2763,102,97
5/22/2019,1,2,59,3137,110,99
5/23/2019,1,2,57,2996,103,97
5/24/2019,1,2,61,2668,106,92
5/25/2019,1,2,88,3153,105,97
5/26/2019,1,2,43,3096,102,94
5/27/2019,1,2,51,2859,105,97
5/28/2019,1,2,60,2990,103,91
5/29/2019,1,2,51,3123,102,99
5/30/2019,1,2,67,3484,102,91
5/31/2019,1,2,60,3340,102,97
6/1/2019,1,2,76,3144,105,93
6/2/2019,1,2,48,3110,110,93
6/3/2019,1,2,53,3065,105,96
6/4/2019,1,2,63,3312,110,93
6/5/2019,1,2,55,2618,103,98
6/6/2019,1,2,77,3361,103,96
6/7/2019,1,2,62,3277,103,93
6/8/2019,1,2,75,2818,108,99
6/9/2019,1,2,50,2542,110,94
6/10/2019,1,2,57,2522,104,96
6/11/2019,1,2,55,3050,109,92
6/12/2019,1,2,69,2727,105,91
6/13/2019,1,2,69,2598,110,96
6/14/2019,1,2,61,2923,104,96
6/15/2019,1,2,64,3426,102,95
6/16/2019,1,2,48,3353,109,93
6/17/2019,1,2,69,3246,106,92
6/18/2019,1,2,61,2786,104,98
6/19/2019,1,2,48,3052,103,91
6/20/2019,1,2,55,3442,110,99
6/21/2019,1,2,70,2928,104,97
6/22/2019,1,2,59,2622,109,99
6/23/2019,1,2,58,3058,106,98
6/24/2019,1,2,66,3352,102,91
6/25/2019,1,2,58,2640,107,91
6/26/2019,1,2,64,3264,105,92
6/27/2019,1,2,74,2859,108,93
6/28/2019,1,2,70,2745,104,92
6/29/2019,1,2,64,3127,101,97
6/30/2019,1,2,51,3139,102,92
7/1/2019,1,2,61,2979,108,94
7/2/2019,1,2,59,3486,110,92
7/3/2019,1,2,68,2628,104,96
7/4/2019,1,2,56,3038,109,96
7/5/2019,1,2,58,2600,110,98
7/6/2019,1,2,77,3268,102,94
7/7/2019,1,2,38,2980,109,98
7/8/2019,1,2,56,3125,104,96
7/9/2019,1,2,58,3279,101,95
7/10/2019,1,2,55,3149,110,98
7/11/2019,1,2,58,2683,102,92
7/12/2019,1,2,73,3007,108,98
7/13/2019,1,2,102,2969,102,94
7/14/2019,1,2,52,2654,107,98
7/15/2019,1,2,61,3350,106,95
7/16/2019,1,2,53,2947,109,92
7/17/2019,1,2,73,2587,101,99
7/18/2019,1,2,71,2878,110,96
7/19/2019,1,2,72,2749,110,98
7/20/2019,1,2,75,2968,109,91
7/21/2019,1,2,70,2619,109,97
7/22/2019,1,2,71,3164,106,95
7/23/2019,1,2,66,3068,107,94
7/24/2019,1,2,65,3416,110,92
7/25/2019,1,2,74,3478,102,91
7/26/2019,1,2,73,3092,110,98
7/27/2019,1,2,92,3481,109,93
7/28/2019,1,2,48,3062,101,94
7/29/2019,1,2,71,2608,102,94
7/30/2019,1,2,64,2965,109,97
7/31/2019,1,2,69,3167,106,95
8/1/2019,1,2,66,3429,109,97
8/2/2019,1,2,71,2566,104,95
8/3/2019,1,2,86,3096,101,98
8/4/2019,1,2,50,2754,103,93
8/5/2019,1,2,48,2687,108,96
8/6/2019,1,2,48,3193,105,97
8/7/2019,1,2,63,3495,104,91
8/8/2019,1,2,49,3483,104,93
8/9/2019,1,2,63,3174,105,94
8/10/2019,1,2,64,2739,102,97
8/11/2019,1,2,56,2567,105,96
8/12/2019,1,2,57,3165,108,98
8/13/2019,1,2,47,3470,105,98
8/14/2019,1,2,47,2680,107,98
8/15/2019,1,2,62,2925,104,95
8/16/2019,1,2,52,2714,109,99
8/17/2019,1,2,57,2640,102,99
8/18/2019,1,2,53,3471,104,91
8/19/2019,1,2,56,3386,104,96
8/20/2019,1,2,51,3297,102,94
8/21/2019,1,2,55,3310,101,93
8/22/2019,1,2,63,2991,107,93
8/23/2019,1,2,71,2764,110,93
8/24/2019,1,2,75,3084,108,97
8/25/2019,1,2,38,2986,104,95
8/26/2019,1,2,56,3424,108,98
8/27/2019,1,2,70,3179,109,93
8/28/2019,1,2,53,3296,106,91
8/29/2019,1,2,67,3171,103,96
8/30/2019,1,2,58,2981,101,92
8/31/2019,1,2,71,2862,102,99
9/1/2019,1,2,43,2950,107,98
9/2/2019,1,2,49,3400,106,97
9/3/2019,1,2,46,3230,104,98
9/4/2019,1,2,45,3208,109,93
9/5/2019,1,2,57,3391,101,96
9/6/2019,1,2,59,3312,105,91
9/7/2019,1,2,63,2659,105,92
9/8/2019,1,2,49,2515,106,95
9/9/2019,1,2,41,3307,105,99
9/10/2019,1,2,46,3212,102,99
9/11/2019,1,2,56,3317,105,93
9/12/2019,1,2,42,3097,108,92
9/13/2019,1,2,57,3276,104,94
9/14/2019,1,2,61,3198,106,98
9/15/2019,1,2,32,2771,109,97
9/16/2019,1,2,51,3401,106,93
9/17/2019,1,2,54,2531,110,91
9/18/2019,1,2,46,2617,103,97
9/19/2019,1,2,71,3422,106,95
9/20/2019,1,2,58,2890,108,91
9/21/2019,1,2,50,2890,105,93
9/22/2019,1,2,40,3122,103,97
9/23/2019,1,2,35,3126,110,93
9/24/2019,1,2,54,3188,107,99
9/25/2019,1,2,58,2504,102,96
9/26/2019,1,2,63,2750,102,99
9/27/2019,1,2,64,2672,103,96
9/28/2019,1,2,51,2922,104,93
9/29/2019,1,2,51,3322,110,93
9/30/2019,1,2,47,2859,107,99
10/1/2019,1,2,37,2622,107,98
10/2/2019,1,2,46,3307,102,99
10/3/2019,1,2,55,2596,105,98
10/4/2019,1,2,59,3319,105,97
10/5/2019,1,2,70,2562,107,93
10/6/2019,1,2,40,2762,103,97
10/7/2019,1,2,45,3274,101,96
10/8/2019,1,2,45,3456,108,97
10/9/2019,1,2,43,3340,110,93
10/10/2019,1,2,51,3046,103,91
10/11/2019,1,2,61,3159,104,93
10/12/2019,1,2,52,3230,107,92
10/13/2019,1,2,34,2611,103,98
10/14/2019,1,2,43,2659,104,92
10/15/2019,1,2,35,2634,109,93
10/16/2019,1,2,44,3211,106,97
10/17/2019,1,2,43,3309,106,99
10/18/2019,1,2,46,2878,103,97
10/19/2019,1,2,49,2791,104,91
10/20/2019,1,2,42,3413,105,91
10/21/2019,1,2,55,3272,101,91
10/22/2019,1,2,43,3080,104,97
10/23/2019,1,2,34,2850,108,99
10/24/2019,1,2,63,2906,110,98
10/25/2019,1,2,69,2770,106,99
10/26/2019,1,2,70,3476,101,93
10/27/2019,1,2,41,2867,101,98
10/28/2019,1,2,41,3113,107,99
10/29/2019,1,2,43,2806,104,99
10/30/2019,1,2,46,2662,103,99
10/31/2019,1,2,61,3165,101,97
11/1/2019,1,2,50,3088,104,92
11/2/2019,1,2,63,3032,106,96
11/3/2019,1,2,38,3001,105,94
11/4/2019,1,2,58,2895,109,91
11/5/2019,1,2,62,3025,108,94
11/6/2019,1,2,51,3236,102,97
11/7/2019,1,2,48,3294,104,92
11/8/2019,1,2,65,2947,107,98
11/9/2019,1,2,59,2520,104,98
11/10/2019,1,2,46,3355,108,97
11/11/2019,1,2,47,3436,103,99
11/12/2019,1,2,50,2766,102,96
11/13/2019,1,2,53,2821,110,96
11/14/2019,1,2,51,3293,103,96
11/15/2019,1,2,53,2573,107,91
11/16/2019,1,2,76,2949,110,91
11/17/2019,1,2,43,3021,103,91
11/18/2019,1,2,61,2702,106,91
11/19/2019,1,2,50,3453,109,99
11/20/2019,1,2,56,3189,101,93
11/21/2019,1,2,53,3313,106,91
11/22/2019,1,2,60,3068,107,91
11/23/2019,1,2,57,3338,103,97
11/24/2019,1,2,42,2548,104,98
11/25/2019,1,2,48,3218,110,98
11/26/2019,1,2,48,3001,105,91
11/27/2019,1,2,53,2709,108,91
11/28/2019,1,2,52,2855,106,93
11/29/2019,1,2,50,3343,106,93
11/30/2019,1,2,52,2802,106,97
12/1/2019,1,2,36,2921,110,98
12/2/2019,1,2,42,2743,101,96
12/3/2019,1,2,37,3326,109,92
12/4/2019,1,2,47,3044,106,97
12/5/2019,1,2,45,2891,107,92
12/6/2019,1,2,44,2926,104,94
12/7/2019,1,2,49,3484,110,96
12/8/2019,1,2,34,2533,110,96
12/9/2019,1,2,38,3122,107,95
12/10/2019,1,2,33,3284,104,92
12/11/2019,1,2,44,3493,109,95
12/12/2019,1,2,28,3135,108,95
12/13/2019,1,2,34,3054,103,96
12/14/2019,1,2,50,3155,105,92
12/15/2019,1,2,28,2712,108,94
12/16/2019,1,2,43,2679,107,98
12/17/2019,1,2,32,3446,101,96
12/18/2019,1,2,32,3081,104,92
12/19/2019,1,2,38,3411,110,92
12/20/2019,1,2,44,3047,109,91
12/21/2019,1,2,40,2896,101,98
12/22/2019,1,2,27,2512,110,97
12/23/2019,1,2,44,2929,107,93
12/24/2019,1,2,36,2923,104,98
12/25/2019,1,2,36,3341,110,99
12/26/2019,1,2,41,2786,107,92
12/27/2019,1,2,52,2655,103,98
12/28/2019,1,2,42,2540,101,95
12/29/2019,1,2,32,2610,110,93
12/30/2019,1,2,37,3221,103,99
12/31/2019,1,2,46,3009,110,91
1/1/2020,1,2,36,2807,106,98
1/2/2020,1,2,45,3258,107,95
1/3/2020,1,2,41,3247,107,96
1/4/2020,1,2,49,3164,108,95
1/5/2020,1,2,25,3500,108,93
1/6/2020,1,2,27,2727,109,96
1/7/2020,1,2,26,2561,109,98
1/8/2020,1,2,42,3147,106,96
1/9/2020,1,2,39,2743,103,91
1/10/2020,1,2,32,3475,108,98
1/11/2020,1,2,43,3462,110,91
1/12/2020,1,2,17,2705,110,97
1/13/2020,1,2,32,3255,103,99
1/14/2020,1,2,27,3409,107,99
1/15/2020,1,2,34,3073,106,94
1/16/2020,1,2,39,3083,105,99
1/17/2020,1,2,44,3029,110,98
1/18/2020,1,2,33,3349,110,96
1/19/2020,1,2,30,3203,102,97
1/20/2020,1,2,39,3282,101,96
1/21/2020,1,2,41,3114,102,96
1/22/2020,1,2,34,3405,104,92
1/23/2020,1,2,36,3408,103,95
1/24/2020,1,2,47,3201,101,99
1/25/2020,1,2,49,2606,107,91
1/26/2020,1,2,30,2642,101,92
1/27/2020,1,2,36,3082,103,96
1/28/2020,1,2,29,2787,104,96
1/29/2020,1,2,38,2963,110,98
1/30/2020,1,2,34,3217,106,98
1/31/2020,1,2,40,2524,107,99
2/1/2020,1,2,55,3046,108,99
2/2/2020,1,2,33,3140,103,95
2/3/2020,1,2,36,2710,107,96
2/4/2020,1,2,28,2895,101,97
2/5/2020,1,2,38,2596,107,94
2/6/2020,1,2,44,3386,102,98
2/7/2020,1,2,40,2554,105,94
2/8/2020,1,2,50,3319,109,94
2/9/2020,1,2,37,3409,107,99
2/10/2020,1,2,46,3234,106,98
2/11/2020,1,2,34,2787,101,97
2/12/2020,1,2,43,2534,105,98
2/13/2020,1,2,47,2692,105,92
2/14/2020,1,2,45,2676,101,91
2/15/2020,1,2,53,3069,108,97
2/16/2020,1,2,26,3339,101,95
2/17/2020,1,2,47,2822,106,97
2/18/2020,1,2,39,3279,109,93
2/19/2020,1,2,43,2579,108,93
2/20/2020,1,2,30,2550,108,92
2/21/2020,1,2,50,2774,109,91
2/22/2020,1,2,53,2829,106,96
2/23/2020,1,2,33,3337,106,95
2/24/2020,1,2,41,2774,101,94
2/25/2020,1,2,32,2940,101,91
2/26/2020,1,2,39,2792,106,97
2/27/2020,1,2,54,2891,103,95
2/28/2020,1,2,41,3052,110,94
3/1/2020,1,2,57,3248,110,94
3/2/2020,1,2,33,2803,101,99
3/3/2020,1,2,32,3092,102,98
3/4/2020,1,2,39,3112,107,91
3/5/2020,1,2,61,3074,109,97
3/6/2020,1,2,64,3044,108,94
3/7/2020,1,2,65,2967,102,99
3/8/2020,1,2,61,2660,103,97
3/9/2020,1,2,50,3111,108,94
3/10/2020,1,2,55,2643,108,94
3/11/2020,1,2,45,3025,106,99
3/12/2020,1,2,46,2783,101,94
3/13/2020,1,2,50,3404,104,93
3/14/2020,1,2,63,3428,108,94
3/15/2020,1,2,58,3175,107,97
3/16/2020,1,2,48,3286,107,95
3/17/2020,1,2,39,3394,109,91
3/18/2020,1,2,44,2902,101,97
3/19/2020,1,2,33,3477,101,91
3/20/2020,1,2,61,3023,103,92
3/21/2020,1,2,41,2711,104,99
3/22/2020,1,2,60,2803,103,96
3/23/2020,1,2,45,2781,104,91
3/24/2020,1,2,42,2599,102,92
3/25/2020,1,2,46,3224,110,96
3/26/2020,1,2,42,3312,104,97
3/27/2020,1,2,61,3281,104,93
3/28/2020,1,2,65,2774,106,92
3/29/2020,1,2,55,3068,109,92
3/30/2020,1,2,32,2752,101,92
3/31/2020,1,2,43,3023,105,94
4/1/2020,1,2,48,2780,108,94
4/2/2020,1,2,60,3271,106,91
4/3/2020,1,2,47,2782,109,91
4/4/2020,1,2,64,2977,101,98
4/5/2020,1,2,79,3313,101,94
4/6/2020,1,2,55,2739,108,93
4/7/2020,1,2,51,3311,106,94
4/8/2020,1,2,53,3222,105,94
4/9/2020,1,2,61,3245,110,97
4/10/2020,1,2,53,2801,104,99
4/11/2020,1,2,69,2531,107,99
4/12/2020,1,2,61,2573,107,94
4/13/2020,1,2,39,2560,110,94
4/14/2020,1,2,43,3117,102,91
4/15/2020,1,2,41,3224,107,95
4/16/2020,1,2,69,3074,106,95
4/17/2020,1,2,58,3078,110,99
4/18/2020,1,2,60,2521,102,93
4/19/2020,1,2,65,2641,110,92
4/20/2020,1,2,41,3153,109,97
4/21/2020,1,2,56,3158,110,92
4/22/2020,1,2,49,2686,104,96
4/23/2020,1,2,67,2813,106,96
4/24/2020,1,2,61,3387,110,92
4/25/2020,1,2,70,2569,106,92
4/26/2020,1,2,66,2582,106,91
4/27/2020,1,2,40,2781,103,98
4/28/2020,1,2,57,3364,106,92
4/29/2020,1,2,53,2590,102,93
4/30/2020,1,2,64,3461,104,97
5/1/2020,1,2,62,3085,107,94
5/2/2020,1,2,77,3156,104,96
5/3/2020,1,2,85,3037,107,99
5/4/2020,1,2,51,2777,105,92
5/5/2020,1,2,50,3313,105,95
5/6/2020,1,2,60,2533,104,92
5/7/2020,1,2,69,3005,102,93
5/8/2020,1,2,60,3051,105,95
5/9/2020,1,2,61,3357,109,95
5/10/2020,1,2,78,3253,110,98
5/11/2020,1,2,57,3044,107,97
5/12/2020,1,2,57,2525,109,97
5/13/2020,1,2,58,3482,101,98
5/14/2020,1,2,61,2742,104,97
5/15/2020,1,2,59,3145,102,97
5/16/2020,1,2,77,3394,105,96
5/17/2020,1,2,61,2943,106,93
5/18/2020,1,2,50,2814,104,97
5/19/2020,1,2,58,2968,105,95
5/20/2020,1,2,48,3017,104,93
5/21/2020,1,2,60,2772,102,95
5/22/2020,1,2,68,2813,107,98
5/23/2020,1,2,65,2910,110,99
5/24/2020,1,2,81,3374,102,98
5/25/2020,1,2,44,2935,105,93
5/26/2020,1,2,66,2777,107,99
5/27/2020,1,2,57,3119,109,92
5/28/2020,1,2,72,3169,105,94
5/29/2020,1,2,45,3259,103,91
5/30/2020,1,2,65,2839,105,95
5/31/2020,1,2,79,2631,104,98
6/1/2020,1,2,49,3213,109,91
6/2/2020,1,2,55,2697,108,93
6/3/2020,1,2,56,2948,102,93
6/4/2020,1,2,66,3432,105,95
6/5/2020,1,2,65,2902,110,95
6/6/2020,1,2,82,3136,104,92
6/7/2020,1,2,76,2746,102,95
6/8/2020,1,2,44,2749,101,99
6/9/2020,1,2,62,2925,104,95
6/10/2020,1,2,61,2520,105,93
6/11/2020,1,2,38,3057,106,93
6/12/2020,1,2,55,2982,102,93
6/13/2020,1,2,71,3015,105,99
6/14/2020,1,2,76,2936,106,99
6/15/2020,1,2,45,3194,105,91
6/16/2020,1,2,46,3026,102,95
6/17/2020,1,2,78,2784,104,91
6/18/2020,1,2,53,2550,103,96
6/19/2020,1,2,68,3338,104,98
6/20/2020,1,2,71,3304,106,93
6/21/2020,1,2,69,3370,105,98
6/22/2020,1,2,60,3080,110,91
6/23/2020,1,2,50,2678,103,91
6/24/2020,1,2,65,2884,101,99
6/25/2020,1,2,52,2634,110,98
6/26/2020,1,2,48,2739,106,98
6/27/2020,1,2,55,2951,109,95
6/28/2020,1,2,74,2592,102,93
6/29/2020,1,2,67,3226,101,92
6/30/2020,1,2,71,2897,109,91
7/1/2020,1,2,48,3094,106,97
7/2/2020,1,2,65,2558,101,97
7/3/2020,1,2,62,3045,109,94
7/4/2020,1,2,90,2967,103,91
7/5/2020,1,2,84,2667,102,97
7/6/2020,1,2,43,2934,101,98
7/7/2020,1,2,62,3438,103,98
7/8/2020,1,2,57,3105,101,99
7/9/2020,1,2,74,2676,102,92
7/10/2020,1,2,60,2986,108,98
7/11/2020,1,2,67,2714,106,96
7/12/2020,1,2,59,2525,104,91
7/13/2020,1,2,53,3012,105,95
7/14/2020,1,2,54,3095,103,95
7/15/2020,1,2,72,3479,105,96
7/16/2020,1,2,62,3364,106,98
7/17/2020,1,2,76,2906,109,99
7/18/2020,1,2,71,2534,106,94
7/19/2020,1,2,76,3197,110,97
7/20/2020,1,2,41,3145,107,98
7/21/2020,1,2,60,3292,109,95
7/22/2020,1,2,57,2579,105,98
7/23/2020,1,2,44,3304,103,95
7/24/2020,1,2,68,3370,109,92
7/25/2020,1,2,72,3241,108,95
7/26/2020,1,2,65,2851,102,94
7/27/2020,1,2,47,2703,108,94
7/28/2020,1,2,67,2581,105,91
7/29/2020,1,2,53,3120,109,97
7/30/2020,1,2,78,3191,110,93
7/31/2020,1,2,80,2734,109,95
8/1/2020,1,2,64,2857,105,94
8/2/2020,1,2,82,2863,105,96
8/3/2020,1,2,44,2601,104,95
8/4/2020,1,2,58,3249,107,91
8/5/2020,1,2,54,3243,109,99
8/6/2020,1,2,65,3286,103,98
8/7/2020,1,2,74,3038,103,99
8/8/2020,1,2,58,3326,107,92
8/9/2020,1,2,69,2619,105,94
8/10/2020,1,2,45,3363,105,93
8/11/2020,1,2,56,2642,107,95
8/12/2020,1,2,59,3280,110,93
8/13/2020,1,2,63,3280,105,99
8/14/2020,1,2,70,2725,106,91
8/15/2020,1,2,67,2816,102,97
8/16/2020,1,2,66,2588,102,93
8/17/2020,1,2,54,2904,101,92
8/18/2020,1,2,50,3097,102,98
8/19/2020,1,2,62,2548,109,91
8/20/2020,1,2,48,2616,102,96
8/21/2020,1,2,76,3386,106,94
8/22/2020,1,2,75,3001,107,94
8/23/2020,1,2,73,2627,107,97
8/24/2020,1,2,46,3346,101,96
8/25/2020,1,2,54,3217,107,98
8/26/2020,1,2,66,2770,103,96
8/27/2020,1,2,68,2869,101,96
8/28/2020,1,2,73,3172,102,96
8/29/2020,1,2,63,3420,103,94
8/30/2020,1,2,66,2848,109,98
8/31/2020,1,2,47,3484,102,93
9/1/2020,1,2,54,2703,105,99
9/2/2020,1,2,55,3460,110,97
9/3/2020,1,2,49,2809,108,98
9/4/2020,1,2,58,3407,109,93
9/5/2020,1,2,65,3364,104,99
9/6/2020,1,2,67,3080,102,93
9/7/2020,1,2,46,2939,110,96
9/8/2020,1,2,37,3040,106,93
9/9/2020,1,2,44,3107,102,98
9/10/2020,1,2,53,2578,101,91
9/11/2020,1,2,63,2762,110,97
9/12/2020,1,2,74,3425,103,94
9/13/2020,1,2,64,2940,104,95
9/14/2020,1,2,37,2878,104,98
9/15/2020,1,2,42,2558,108,92
9/16/2020,1,2,55,2940,104,94
9/17/2020,1,2,47,2886,102,99
9/18/2020,1,2,68,2708,104,95
9/19/2020,1,2,61,3259,108,99
9/20/2020,1,2,44,2520,106,92
9/21/2020,1,2,43,3069,110,95
9/22/2020,1,2,55,2900,105,91
9/23/2020,1,2,48,3037,108,97
9/24/2020,1,2,50,2572,106,92
9/25/2020,1,2,50,3288,107,98
9/26/2020,1,2,68,3487,108,94
9/27/2020,1,2,67,3124,103,93
9/28/2020,1,2,46,3091,102,94
9/29/2020,1,2,51,3079,108,98
9/30/2020,1,2,64,2599,103,98
10/1/2020,1,2,47,3261,105,95
10/2/2020,1,2,53,3205,110,92
10/3/2020,1,2,66,2758,108,96
10/4/2020,1,2,64,2817,102,95
10/5/2020,1,2,48,3213,102,95
10/6/2020,1,2,39,3304,108,96
10/7/2020,1,2,42,2884,106,97
10/8/2020,1,2,45,2750,103,92
10/9/2020,1,2,56,2564,106,91
10/10/2020,1,2,46,3432,107,92
10/11/2020,1,2,81,3463,103,97
10/12/2020,1,2,38,3425,107,98
10/13/2020,1,2,46,2927,104,99
10/14/2020,1,2,40,2613,101,98
10/15/2020,1,2,59,2937,103,93
10/16/2020,1,2,55,3235,110,91
10/17/2020,1,2,69,2913,106,96
10/18/2020,1,2,71,3304,106,93
10/19/2020,1,2,45,2782,109,93
10/20/2020,1,2,54,2904,103,99
10/21/2020,1,2,46,3273,107,94
10/22/2020,1,2,68,3294,103,92
10/23/2020,1,2,46,2739,104,96
10/24/2020,1,2,62,3366,108,95
10/25/2020,1,2,55,2812,101,98
10/26/2020,1,2,36,2961,110,97
10/27/2020,1,2,50,3233,107,92
10/28/2020,1,2,35,3109,105,99
10/29/2020,1,2,44,3175,101,95
10/30/2020,1,2,59,2978,110,93
10/31/2020,1,2,57,3142,107,94
11/1/2020,1,2,68,2797,106,91
11/2/2020,1,2,42,2867,105,99
11/3/2020,1,2,56,3161,102,91
11/4/2020,1,2,65,3286,110,92
11/5/2020,1,2,54,2858,108,97
11/6/2020,1,2,67,3303,108,94
11/7/2020,1,2,55,3317,110,91
11/8/2020,1,2,68,2913,108,98
11/9/2020,1,2,35,2916,110,93
11/10/2020,1,2,53,3308,104,95
11/11/2020,1,2,58,3227,107,96
11/12/2020,1,2,55,2698,104,98
11/13/2020,1,2,54,3346,102,98
11/14/2020,1,2,51,3054,106,97
11/15/2020,1,2,68,3094,109,99
11/16/2020,1,2,47,2876,102,96
11/17/2020,1,2,52,3301,107,94
11/18/2020,1,2,62,2540,108,97
11/19/2020,1,2,67,2812,102,97
11/20/2020,1,2,51,3056,107,91
11/21/2020,1,2,54,2684,110,99
11/22/2020,1,2,66,2820,107,92
11/23/2020,1,2,44,2626,103,91
11/24/2020,1,2,53,2984,109,96
11/25/2020,1,2,50,3208,103,97
11/26/2020,1,2,60,2730,106,95
11/27/2020,1,2,55,2662,108,94
11/28/2020,1,2,69,3187,104,91
11/29/2020,1,2,62,3194,107,98
11/30/2020,1,2,39,2792,106,96
12/1/2020,1,2,42,2898,104,91
12/2/2020,1,2,32,2922,109,99
12/3/2020,1,2,43,2624,108,99
12/4/2020,1,2,42,3278,101,96
12/5/2020,1,2,50,3388,101,96
12/6/2020,1,2,54,2908,108,91
12/7/2020,1,2,34,3390,104,98
12/8/2020,1,2,38,2855,110,92
12/9/2020,1,2,33,2529,106,97
12/10/2020,1,2,43,2656,104,91
12/11/2020,1,2,37,3394,107,96
12/12/2020,1,2,38,2588,104,91
12/13/2020,1,2,46,3088,106,92
12/14/2020,1,2,23,3408,105,96
12/15/2020,1,2,36,2563,108,98
12/16/2020,1,2,42,3003,104,99
12/17/2020,1,2,37,3371,108,95
12/18/2020,1,2,36,2518,105,95
12/19/2020,1,2,48,2746,104,98
12/20/2020,1,2,47,3087,102,95
12/21/2020,1,2,33,2861,109,98
12/22/2020,1,2,22,2786,102,97
12/23/2020,1,2,41,2948,101,91
12/24/2020,1,2,31,3229,109,91
12/25/2020,1,2,37,3152,107,98
12/26/2020,1,2,59,2994,110,91
12/27/2020,1,2,55,3145,107,94
12/28/2020,1,2,35,2760,107,93
12/29/2020,1,2,43,2958,102,97
12/30/2020,1,2,34,2827,104,94
12/31/2020,1,2,36,2781,108,95
1/1/2021,1,2,32,2849,109,97
1/2/2021,1,2,43,2736,105,92
1/3/2021,1,2,47,3466,109,91
1/4/2021,1,2,22,3425,106,92
1/5/2021,1,2,34,3219,108,91
1/6/2021,1,2,38,3200,103,92
1/7/2021,1,2,45,3036,102,99
1/8/2021,1,2,34,3391,109,97
1/9/2021,1,2,52,2639,101,98
1/10/2021,1,2,44,3051,104,91
1/11/2021,1,2,33,2656,105,93
1/12/2021,1,2,52,3215,107,96
1/13/2021,1,2,36,2746,106,92
1/14/2021,1,2,45,2550,109,94
1/15/2021,1,2,48,2681,108,96
1/16/2021,1,2,35,3238,109,96
1/17/2021,1,2,54,3491,110,96
1/18/2021,1,2,30,2645,101,99
1/19/2021,1,2,23,3328,107,92
1/20/2021,1,2,41,2799,104,92
1/21/2021,1,2,48,3139,109,99
1/22/2021,1,2,48,2669,101,92
1/23/2021,1,2,48,3087,107,94
1/24/2021,1,2,48,2976,104,91
1/25/2021,1,2,38,3427,101,97
1/26/2021,1,2,38,2777,105,96
1/27/2021,1,2,31,2636,106,93
1/28/2021,1,2,35,2872,103,98
1/29/2021,1,2,40,2876,104,97
1/30/2021,1,2,42,2850,106,95
1/31/2021,1,2,44,3152,101,96
2/1/2021,1,2,53,2874,102,92
2/2/2021,1,2,34,3053,107,94
2/3/2021,1,2,52,3094,101,97
2/4/2021,1,2,45,2569,103,92
2/5/2021,1,2,49,3259,108,96
2/6/2021,1,2,48,2977,107,91
2/7/2021,1,2,55,3013,109,93
2/8/2021,1,2,30,2738,107,95
2/9/2021,1,2,45,2633,106,99
2/10/2021,1,2,41,3037,103,93
2/11/2021,1,2,52,3238,101,92
2/12/2021,1,2,46,2676,101,96
2/13/2021,1,2,44,3036,102,93
2/14/2021,1,2,44,3307,110,94
2/15/2021,1,2,33,2877,102,99
2/16/2021,1,2,39,3488,109,98
2/17/2021,1,2,45,2855,101,94
2/18/2021,1,2,56,2861,110,93
2/19/2021,1,2,46,3082,110,93
2/20/2021,1,2,43,2608,105,99
2/21/2021,1,2,49,3496,101,98
2/22/2021,1,2,41,3002,107,97
2/23/2021,1,2,44,2735,107,91
2/24/2021,1,2,28,3032,101,94
2/25/2021,1,2,48,3303,104,93
2/26/2021,1,2,41,3059,110,96
2/27/2021,1,2,43,3303,106,95
2/28/2021,1,2,41,3100,101,95
2/29/2021,1,2,35,3356,105,94
3/1/2021,1,2,57,2818,108,98
3/2/2021,1,2,45,2550,109,98
3/3/2021,1,2,58,3001,103,99
3/4/2021,1,2,61,2587,110,92
3/5/2021,1,2,71,2836,105,98
3/6/2021,1,2,66,2943,109,95
3/7/2021,1,2,44,2506,101,91
3/8/2021,1,2,35,2777,107,95
3/9/2021,1,2,54,3083,109,97
3/10/2021,1,2,42,3332,108,92
3/11/2021,1,2,44,3492,104,94
3/12/2021,1,2,61,2511,103,96
3/13/2021,1,2,59,3201,105,93
3/14/2021,1,2,43,3076,104,92
3/15/2021,1,2,44,2668,101,93
3/16/2021,1,2,46,3115,106,97
3/17/2021,1,2,54,3305,106,92
3/18/2021,1,2,62,2941,105,96
3/19/2021,1,2,53,3462,101,94
3/20/2021,1,2,63,2773,101,99
3/21/2021,1,2,39,3417,105,96
3/22/2021,1,2,52,2637,103,94
3/23/2021,1,2,49,3155,108,95
3/24/2021,1,2,54,2700,105,95
3/25/2021,1,2,61,3215,104,95
3/26/2021,1,2,53,2752,106,94
3/27/2021,1,2,66,2992,101,93
3/28/2021,1,2,39,2609,108,95
3/29/2021,1,2,47,3438,105,98
3/30/2021,1,2,49,3161,104,93
3/31/2021,1,2,57,3262,104,98
4/1/2021,1,2,73,3314,101,96
4/2/2021,1,2,58,3085,106,96
4/3/2021,1,2,85,2653,109,98
4/4/2021,1,2,48,2792,101,98
4/5/2021,1,2,52,3392,103,96
4/6/2021,1,2,67,2512,110,96
4/7/2021,1,2,54,2758,103,97
4/8/2021,1,2,71,2990,105,99
4/9/2021,1,2,68,3013,107,98
4/10/2021,1,2,74,3248,101,98
4/11/2021,1,2,36,3202,103,96
4/12/2021,1,2,55,2672,104,96
4/13/2021,1,2,56,2864,109,98
4/14/2021,1,2,71,3188,110,99
4/15/2021,1,2,60,3072,105,93
4/16/2021,1,2,66,3068,101,94
4/17/2021,1,2,60,3334,108,98
4/18/2021,1,2,45,2669,101,94
4/19/2021,1,2,50,2506,109,95
4/20/2021,1,2,57,2833,105,91
4/21/2021,1,2,60,3166,109,91
4/22/2021,1,2,65,3000,106,97
4/23/2021,1,2,71,3412,105,98
4/24/2021,1,2,56,2892,108,95
4/25/2021,1,2,36,2890,107,93
4/26/2021,1,2,59,2635,104,92
4/27/2021,1,2,62,3113,104,95
4/28/2021,1,2,59,3142,104,99
4/29/2021,1,2,52,3215,105,99
4/30/2021,1,2,65,3082,110,92
5/1/2021,1,2,87,2831,110,93
5/2/2021,1,2,54,2739,105,95
5/3/2021,1,2,67,3085,107,92
5/4/2021,1,2,57,3043,109,95
5/5/2021,1,2,50,3036,110,92
5/6/2021,1,2,85,3146,102,93
5/7/2021,1,2,82,3327,109,96
5/8/2021,1,2,64,2785,106,97
5/9/2021,1,2,49,2743,105,93
5/10/2021,1,2,58,3349,107,98
5/11/2021,1,2,71,3369,105,95
5/12/2021,1,2,68,3004,105,96
5/13/2021,1,2,61,3339,109,96
5/14/2021,1,2,74,3033,109,99
5/15/2021,1,2,65,2581,103,98
5/16/2021,1,2,50,2755,103,93
5/17/2021,1,2,61,3092,104,92
5/18/2021,1,2,51,2676,101,99
5/19/2021,1,2,69,2702,109,91
5/20/2021,1,2,78,3381,106,96
5/21/2021,1,2,65,3266,108,93
5/22/2021,1,2,76,3381,107,99
5/23/2021,1,2,50,2775,105,93
5/24/2021,1,2,62,3389,101,94
5/25/2021,1,2,54,3136,110,98
5/26/2021,1,2,65,3312,106,91
5/27/2021,1,2,60,3145,109,94
5/28/2021,1,2,81,2708,109,93
5/29/2021,1,2,79,3390,102,94
5/30/2021,1,2,48,2578,101,91
5/31/2021,1,2,62,2776,104,97
6/1/2021,1,2,68,3351,103,95
6/2/2021,1,2,60,2777,107,97
6/3/2021,1,2,77,2633,102,98
6/4/2021,1,2,103,2883,110,98
6/5/2021,1,2,66,3094,103,95
6/6/2021,1,2,52,3304,110,98
6/7/2021,1,2,63,3236,106,99
6/8/2021,1,2,61,2605,104,93
6/9/2021,1,2,62,3020,101,94
6/10/2021,1,2,51,3330,109,98
6/11/2021,1,2,84,2604,101,91
6/12/2021,1,2,77,2539,108,91
6/13/2021,1,2,51,3339,108,96
6/14/2021,1,2,70,2965,102,95
6/15/2021,1,2,56,3367,104,92
6/16/2021,1,2,61,3039,108,98
6/17/2021,1,2,71,3356,103,97
6/18/2021,1,2,97,2718,106,99
6/19/2021,1,2,96,2755,107,95
6/20/2021,1,2,54,2698,106,99
6/21/2021,1,2,62,2610,102,97
6/22/2021,1,2,69,2913,106,91
6/23/2021,1,2,80,3286,106,97
6/24/2021,1,2,66,3430,106,99
6/25/2021,1,2,82,2965,103,93
6/26/2021,1,2,70,3452,104,91
6/27/2021,1,2,57,2634,109,94
6/28/2021,1,2,60,3056,106,99
6/29/2021,1,2,65,2930,103,91
6/30/2021,1,2,71,2762,109,93
7/1/2021,1,2,85,3053,104,98
7/2/2021,1,2,95,2932,104,98
7/3/2021,1,2,90,3042,110,93
7/4/2021,1,2,63,3100,105,95
7/5/2021,1,2,74,2799,102,97
7/6/2021,1,2,75,2801,101,94
7/7/2021,1,2,82,2652,109,91
7/8/2021,1,2,90,3000,109,96
7/9/2021,1,2,74,2923,106,94
7/10/2021,1,2,89,2711,104,92
7/11/2021,1,2,61,2961,107,92
7/12/2021,1,2,75,2605,110,92
7/13/2021,1,2,61,3161,105,92
7/14/2021,1,2,79,3286,108,96
7/15/2021,1,2,66,2892,104,99
7/16/2021,1,2,84,3379,101,99
7/17/2021,1,2,104,3046,106,98
7/18/2021,1,2,74,2656,107,96
7/19/2021,1,2,59,3454,110,97
7/20/2021,1,2,63,3378,105,96
7/21/2021,1,2,74,2657,106,97
7/22/2021,1,2,75,3499,109,94
7/23/2021,1,2,79,2839,107,98
7/24/2021,1,2,80,2597,109,91
7/25/2021,1,2,62,3053,106,93
7/26/2021,1,2,66,2710,108,99
7/27/2021,1,2,70,2830,101,91
7/28/2021,1,2,71,3201,104,93
7/29/2021,1,2,84,3057,109,91
7/30/2021,1,2,89,3471,110,96
7/31/2021,1,2,94,3362,102,92
8/1/2021,1,2,60,2722,109,93
8/2/2021,1,2,53,2855,105,91
8/3/2021,1,2,58,2998,105,93
8/4/2021,1,2,56,3118,107,96
8/5/2021,1,2,61,2831,103,93
8/6/2021,1,2,65,2951,105,99
8/7/2021,1,2,84,2838,102,98
8/8/2021,1,2,48,3102,108,97
8/9/2021,1,2,65,3438,109,95
8/10/2021,1,2,55,2932,109,98
8/11/2021,1,2,64,3341,102,93
8/12/2021,1,2,76,2625,109,93
8/13/2021,1,2,65,2620,101,98
8/14/2021,1,2,100,3441,109,94
8/15/2021,1,2,55,3013,110,94
8/16/2021,1,2,52,2535,105,92
8/17/2021,1,2,57,2760,105,93
8/18/2021,1,2,67,2612,104,91
8/19/2021,1,2,60,3458,103,98
8/20/2021,1,2,66,3019,108,98
8/21/2021,1,2,88,2925,108,93
8/22/2021,1,2,47,2803,105,95
8/23/2021,1,2,58,3455,102,97
8/24/2021,1,2,71,2952,104,98
8/25/2021,1,2,60,3250,102,94
8/26/2021,1,2,82,2656,109,95
8/27/2021,1,2,81,3095,104,92
8/28/2021,1,2,89,2582,103,94
8/29/2021,1,2,60,2534,101,92
8/30/2021,1,2,50,2797,101,91
8/31/2021,1,2,63,2858,106,91
9/1/2021,1,2,53,2504,109,98
9/2/2021,1,2,74,2541,103,94
9/3/2021,1,2,84,2849,106,94
9/4/2021,1,2,77,3057,110,95
9/5/2021,1,2,47,3071,109,99
9/6/2021,1,2,55,2595,106,94
9/7/2021,1,2,59,2563,106,98
9/8/2021,1,2,56,3260,101,94
9/9/2021,1,2,51,2948,106,91
9/10/2021,1,2,59,2871,105,98
9/11/2021,1,2,62,2749,103,91
9/12/2021,1,2,46,3493,105,93
9/13/2021,1,2,51,3493,103,96
9/14/2021,1,2,67,2668,103,98
9/15/2021,1,2,52,2550,109,94
9/16/2021,1,2,47,2523,105,92
9/17/2021,1,2,66,3297,107,95
9/18/2021,1,2,71,3333,109,92
9/19/2021,1,2,52,2690,103,93
9/20/2021,1,2,52,2967,103,94
9/21/2021,1,2,64,2918,110,91
9/22/2021,1,2,56,2926,106,98
9/23/2021,1,2,60,2811,103,93
9/24/2021,1,2,76,2540,104,94
9/25/2021,1,2,91,2829,103,95
9/26/2021,1,2,51,3141,109,92
9/27/2021,1,2,45,3455,108,91
9/28/2021,1,2,57,2827,110,91
9/29/2021,1,2,59,3131,103,98
9/30/2021,1,2,67,3288,107,92
10/1/2021,1,2,69,3006,110,97
10/2/2021,1,2,64,2828,101,97
10/3/2021,1,2,39,3076,104,96
10/4/2021,1,2,51,2822,101,96
10/5/2021,1,2,56,3416,103,96
10/6/2021,1,2,61,3336,104,99
10/7/2021,1,2,56,2714,108,93
10/8/2021,1,2,70,3129,106,91
10/9/2021,1,2,66,3063,107,92
10/10/2021,1,2,51,3073,105,93
10/11/2021,1,2,54,2902,101,97
10/12/2021,1,2,51,2544,102,96
10/13/2021,1,2,67,2994,101,92
10/14/2021,1,2,80,3064,107,93
10/15/2021,1,2,62,3219,103,99
10/16/2021,1,2,66,3036,109,94
10/17/2021,1,2,46,3409,109,92
10/18/2021,1,2,50,2820,102,97
10/19/2021,1,2,59,3486,104,96
10/20/2021,1,2,62,2983,106,99
10/21/2021,1,2,51,3193,107,99
10/22/2021,1,2,70,2969,110,92
10/23/2021,1,2,69,3235,102,97
10/24/2021,1,2,49,2865,108,95
10/25/2021,1,2,58,3196,101,93
10/26/2021,1,2,49,3472,102,92
10/27/2021,1,2,52,2501,106,99
10/28/2021,1,2,67,3464,103,94
10/29/2021,1,2,59,3023,109,96
10/30/2021,1,2,58,2769,101,93
10/31/2021,1,2,44,3264,103,99
11/1/2021,1,2,50,2620,110,96
11/2/2021,1,2,67,2989,104,95
11/3/2021,1,2,55,2670,107,96
11/4/2021,1,2,79,3244,107,98
11/5/2021,1,2,57,2839,103,93
11/6/2021,1,2,66,3124,105,94
11/7/2021,1,2,43,3208,108,95
11/8/2021,1,2,54,2842,108,99
11/9/2021,1,2,68,3183,103,96
11/10/2021,1,2,76,3380,102,94
11/11/2021,1,2,69,3053,102,99
11/12/2021,1,2,64,2991,102,98
11/13/2021,1,2,76,2615,101,97
11/14/2021,1,2,49,3287,104,91
11/15/2021,1,2,57,3396,109,91
11/16/2021,1,2,50,2855,109,93
11/17/2021,1,2,53,2822,108,97
11/18/2021,1,2,61,2685,102,93
11/19/2021,1,2,72,2903,104,93
11/20/2021,1,2,79,2613,107,93
11/21/2021,1,2,47,2581,102,98
11/22/2021,1,2,49,3063,106,92
11/23/2021,1,2,50,2508,110,94
11/24/2021,1,2,49,3424,103,95
11/25/2021,1,2,58,3463,101,98
11/26/2021,1,2,62,3066,106,91
11/27/2021,1,2,78,2874,106,94
11/28/2021,1,2,50,3163,105,92
11/29/2021,1,2,49,3252,105,91
11/30/2021,1,2,52,3013,104,98
12/1/2021,1,2,43,3184,106,99
12/2/2021,1,2,44,2944,101,92
12/3/2021,1,2,40,2844,105,95
12/4/2021,1,2,51,2967,104,92
12/5/2021,1,2,29,3107,105,92
12/6/2021,1,2,45,2636,109,98
12/7/2021,1,2,39,2709,106,96
12/8/2021,1,2,35,3286,108,98
12/9/2021,1,2,41,3313,104,97
12/10/2021,1,2,47,2543,106,92
12/11/2021,1,2,53,2626,109,97
12/12/2021,1,2,36,2856,109,91
12/13/2021,1,2,45,2574,101,92
12/14/2021,1,2,41,3080,104,98
12/15/2021,1,2,52,2871,102,95
12/16/2021,1,2,42,3134,102,99
12/17/2021,1,2,55,3316,110,99
12/18/2021,1,2,40,3134,104,96
12/19/2021,1,2,33,2960,109,91
12/20/2021,1,2,47,2958,103,94
12/21/2021,1,2,46,2837,107,94
12/22/2021,1,2,35,2996,107,92
12/23/2021,1,2,64,2884,109,97
12/24/2021,1,2,47,3132,103,95
12/25/2021,1,2,39,3204,103,96
12/26/2021,1,2,30,3342,105,93
12/27/2021,1,2,41,3426,102,92
12/28/2021,1,2,38,2676,105,94
12/29/2021,1,2,56,3236,104,98
12/30/2021,1,2,37,3235,106,95
12/31/2021,1,2,47,3429,103,94
1/1/2022,1,2,40,3038,105,92
1/2/2022,1,2,26,3198,103,97
1/3/2022,1,2,33,2533,104,92
1/4/2022,1,2,41,2555,110,95
1/5/2022,1,2,39,3342,104,91
1/6/2022,1,2,43,2705,104,96
1/7/2022,1,2,46,3254,106,96
1/8/2022,1,2,58,3336,104,95
1/9/2022,1,2,31,2935,102,96
1/10/2022,1,2,36,3175,106,93
1/11/2022,1,2,42,2916,104,97
1/12/2022,1,2,39,3189,109,96
1/13/2022,1,2,34,2527,106,96
1/14/2022,1,2,29,3312,102,97
1/15/2022,1,2,47,3171,107,97
1/16/2022,1,2,21,2990,107,93
1/17/2022,1,2,37,3373,102,92
1/18/2022,1,2,41,3152,106,95
1/19/2022,1,2,51,2803,104,97
1/20/2022,1,2,48,3379,109,94
1/21/2022,1,2,42,2598,103,95
1/22/2022,1,2,49,2839,109,98
1/23/2022,1,2,25,2675,105,95
1/24/2022,1,2,44,2829,101,92
1/25/2022,1,2,38,3176,103,99
1/26/2022,1,2,30,3187,107,94
1/27/2022,1,2,32,3160,107,91
1/28/2022,1,2,48,2801,106,94
1/29/2022,1,2,47,3384,109,91
1/30/2022,1,2,28,3416,104,91
1/31/2022,1,2,37,3304,109,93
2/1/2022,1,2,34,3381,102,96
2/2/2022,1,2,47,2817,101,99
2/3/2022,1,2,45,2801,105,91
2/4/2022,1,2,42,3264,105,91
2/5/2022,1,2,38,3041,109,92
2/6/2022,1,2,38,3330,105,93
2/7/2022,1,2,33,2886,106,92
2/8/2022,1,2,37,2924,110,94
2/9/2022,1,2,39,3425,101,92
2/10/2022,1,2,38,3005,105,99
2/11/2022,1,2,52,2992,102,91
2/12/2022,1,2,47,2966,104,99
2/13/2022,1,2,45,3304,101,94
2/14/2022,1,2,46,3099,102,91
2/15/2022,1,2,38,3417,108,94
2/16/2022,1,2,46,2564,103,95
2/17/2022,1,2,59,2681,105,99
2/18/2022,1,2,47,3410,108,92
2/19/2022,1,2,55,2760,101,96
2/20/2022,1,2,32,2755,101,92
2/21/2022,1,2,26,2704,101,97
2/22/2022,1,2,45,3414,103,97
2/23/2022,1,2,50,2713,101,91
2/24/2022,1,2,49,2900,104,92
2/25/2022,1,2,46,2976,101,92
2/26/2022,1,2,41,2756,106,99
2/27/2022,1,2,44,2529,101,98
2/28/2022,1,2,37,2890,101,99
3/1/2022,1,2,48,3494,104,95
3/2/2022,1,2,54,3042,104,95
3/3/2022,1,2,47,3300,103,92
3/4/2022,1,2,70,3214,108,97
3/5/2022,1,2,57,2910,102,92
3/6/2022,1,2,36,2697,104,99
3/7/2022,1,2,57,3174,104,96
3/8/2022,1,2,51,2921,108,97
3/9/2022,1,2,43,3337,108,95
3/10/2022,1,2,53,3471,110,91
3/11/2022,1,2,54,3042,109,97
3/12/2022,1,2,63,2601,106,93
3/13/2022,1,2,52,2702,107,91
3/14/2022,1,2,56,3166,104,94
3/15/2022,1,2,59,3359,105,95
3/16/2022,1,2,52,2572,102,99
3/17/2022,1,2,52,3371,105,99
3/18/2022,1,2,55,2649,101,97
3/19/2022,1,2,65,2955,104,94
3/20/2022,1,2,34,2580,108,96
3/21/2022,1,2,47,3025,109,96
3/22/2022,1,2,33,2856,106,92
3/23/2022,1,2,51,3394,110,98
3/24/2022,1,2,62,2661,105,97
3/25/2022,1,2,55,3411,108,93
3/26/2022,1,2,55,2761,109,98
3/27/2022,1,2,40,2800,110,97
3/28/2022,1,2,45,3002,108,95
3/29/2022,1,2,45,2532,104,91
3/30/2022,1,2,44,3461,104,97
3/31/2022,1,2,57,2797,102,98
4/1/2022,1,2,61,2661,102,98
4/2/2022,1,2,66,3341,107,92
4/3/2022,1,2,43,2683,110,98
4/4/2022,1,2,53,3245,106,95
4/5/2022,1,2,76,3377,106,94
4/6/2022,1,2,62,3140,107,93
4/7/2022,1,2,62,3409,108,93
4/8/2022,1,2,77,2719,109,97
4/9/2022,1,2,86,3262,107,97
4/10/2022,1,2,52,3310,107,97
4/11/2022,1,2,68,2848,102,98
4/12/2022,1,2,59,2983,105,98
4/13/2022,1,2,71,3286,106,96
4/14/2022,1,2,78,2975,103,96
4/15/2022,1,2,79,2738,107,99
4/16/2022,1,2,60,3449,105,96
4/17/2022,1,2,58,2592,107,92
4/18/2022,1,2,51,3084,105,93
4/19/2022,1,2,64,2807,104,98
4/20/2022,1,2,48,3442,101,95
4/21/2022,1,2,61,3457,103,93
4/22/2022,1,2,71,2652,110,91
4/23/2022,1,2,88,3332,107,99
4/24/2022,1,2,54,2913,104,97
4/25/2022,1,2,61,2940,107,96
4/26/2022,1,2,59,2531,107,91
4/27/2022,1,2,58,2526,105,94
4/28/2022,1,2,61,3184,104,96
4/29/2022,1,2,84,3165,101,95
4/30/2022,1,2,80,3157,106,96
5/1/2022,1,2,60,2622,103,98
5/2/2022,1,2,66,2945,108,97
5/3/2022,1,2,51,2711,104,97
5/4/2022,1,2,63,2777,107,95
5/5/2022,1,2,79,2648,108,92
5/6/2022,1,2,76,3389,101,99
5/7/2022,1,2,67,2749,106,92
5/8/2022,1,2,64,3450,102,96
5/9/2022,1,2,73,2733,105,98
5/10/2022,1,2,55,3138,102,92
5/11/2022,1,2,83,3480,106,94
5/12/2022,1,2,82,3004,101,96
5/13/2022,1,2,85,3207,109,97
5/14/2022,1,2,85,3216,104,96
5/15/2022,1,2,54,2989,110,98
5/16/2022,1,2,61,3239,108,94
5/17/2022,1,2,68,3233,109,92
5/18/2022,1,2,76,3023,109,97
5/19/2022,1,2,72,3117,107,97
5/20/2022,1,2,89,2661,106,96
5/21/2022,1,2,91,2690,102,94
5/22/2022,1,2,48,2641,106,96
5/23/2022,1,2,62,3368,104,98
5/24/2022,1,2,73,3057,107,99
5/25/2022,1,2,66,3381,104,93
5/26/2022,1,2,66,3430,107,99
5/27/2022,1,2,82,3175,109,99
5/28/2022,1,2,48,3457,104,92
5/29/2022,1,2,39,3415,109,97
5/30/2022,1,2,57,3120,105,91
5/31/2022,1,2,60,3425,110,92
6/1/2022,1,2,83,3140,109,95
6/2/2022,1,2,85,3257,106,99
6/3/2022,1,2,106,3048,110,94
6/4/2022,1,2,103,2890,104,92
6/5/2022,1,2,54,2814,104,96
6/6/2022,1,2,67,2902,109,93
6/7/2022,1,2,67,2790,102,99
6/8/2022,1,2,68,2656,110,94
6/9/2022,1,2,75,3226,106,92
6/10/2022,1,2,85,3122,104,93
6/11/2022,1,2,87,3500,104,92
6/12/2022,1,2,66,3302,106,98
6/13/2022,1,2,79,3277,102,96
6/14/2022,1,2,63,2539,105,91
6/15/2022,1,2,77,2542,102,96
6/16/2022,1,2,76,2853,101,96
6/17/2022,1,2,82,3060,109,95
6/18/2022,1,2,77,2961,103,94
6/19/2022,1,2,54,2959,106,97
6/20/2022,1,2,66,2901,103,91
6/21/2022,1,2,56,3379,102,99
6/22/2022,1,2,64,2699,103,97
6/23/2022,1,2,75,3204,104,94
6/24/2022,1,2,88,2556,106,93
6/25/2022,1,2,101,2648,101,97
6/26/2022,1,2,48,3125,110,91
6/27/2022,1,2,53,2594,102,93
6/28/2022,1,2,63,2860,104,98
6/29/2022,1,2,64,3408,108,99
6/30/2022,1,2,82,2778,102,93
7/1/2022,1,2,83,3250,104,95
7/2/2022,1,2,98,2634,104,95
7/3/2022,1,2,52,3310,106,98
7/4/2022,1,2,66,2899,106,91
7/5/2022,1,2,67,3185,101,92
7/6/2022,1,2,67,3275,110,97
7/7/2022,1,2,80,3282,109,96
7/8/2022,1,2,94,2764,105,99
7/9/2022,1,2,97,3342,107,98
7/10/2022,1,2,49,2737,103,95
7/11/2022,1,2,65,2679,109,94
7/12/2022,1,2,76,3212,104,95
7/13/2022,1,2,63,3087,106,96
7/14/2022,1,2,84,2996,108,97
7/15/2022,1,2,86,3066,101,92
7/16/2022,1,2,115,2816,103,96
7/17/2022,1,2,64,3037,106,91
7/18/2022,1,2,76,3498,110,99
7/19/2022,1,2,81,3392,108,92
7/20/2022,1,2,76,2860,109,99
7/21/2022,1,2,81,2581,105,94
7/22/2022,1,2,94,3269,106,95
7/23/2022,1,2,89,3381,107,97
7/24/2022,1,2,53,3479,103,93
7/25/2022,1,2,70,3064,110,98
7/26/2022,1,2,67,2549,108,98
7/27/2022,1,2,73,3029,108,95
7/28/2022,1,2,73,2904,110,94
7/29/2022,1,2,86,2710,109,92
7/30/2022,1,2,86,2935,105,92
7/31/2022,1,2,59,3323,103,99
8/1/2022,1,2,58,3286,101,94
8/2/2022,1,2,59,3031,109,98
8/3/2022,1,2,72,3481,107,97
8/4/2022,1,2,77,2620,101,95
8/5/2022,1,2,65,3355,105,95
8/6/2022,1,2,89,2921,104,97
8/7/2022,1,2,54,3394,105,94
8/8/2022,1,2,81,3211,107,93
8/9/2022,1,2,58,2559,102,93
8/10/2022,1,2,72,2916,108,92
8/11/2022,1,2,74,3251,106,92
8/12/2022,1,2,67,3022,103,98
8/13/2022,1,2,78,2841,108,98
8/14/2022,1,2,50,3401,104,94
8/15/2022,1,2,59,3456,108,98
8/16/2022,1,2,48,2758,109,95
8/17/2022,1,2,64,3180,101,99
8/18/2022,1,2,70,2704,108,93
8/19/2022,1,2,78,3332,110,94
8/20/2022,1,2,90,2783,105,98
8/21/2022,1,2,46,2828,104,92
8/22/2022,1,2,62,3484,105,97
8/23/2022,1,2,65,2926,104,93
8/24/2022,1,2,69,2937,101,91
8/25/2022,1,2,91,3148,108,95
8/26/2022,1,2,70,3432,109,91
8/27/2022,1,2,94,3194,105,91
8/28/2022,1,2,55,2825,104,91
8/29/2022,1,2,42,2531,106,96
8/30/2022,1,2,77,3383,104,94
8/31/2022,1,2,55,2664,103,98
9/1/2022,1,2,67,3338,109,95
9/2/2022,1,2,78,3097,102,97
9/3/2022,1,2,87,3496,104,98
9/4/2022,1,2,51,3306,108,96
9/5/2022,1,2,54,2814,101,95
9/6/2022,1,2,69,3223,104,93
9/7/2022,1,2,59,2890,103,99
9/8/2022,1,2,65,2913,106,95
9/9/2022,1,2,71,2668,108,92
9/10/2022,1,2,64,3044,110,98
9/11/2022,1,2,44,3173,110,98
9/12/2022,1,2,58,3375,103,97
9/13/2022,1,2,57,3384,101,91
9/14/2022,1,2,71,2862,107,96
9/15/2022,1,2,60,3026,103,94
9/16/2022,1,2,75,3442,103,97
9/17/2022,1,2,58,3067,102,92
9/18/2022,1,2,47,2793,102,93
9/19/2022,1,2,66,2864,106,92
9/20/2022,1,2,61,3422,107,98
9/21/2022,1,2,66,3185,110,95
9/22/2022,1,2,70,3328,108,97
9/23/2022,1,2,85,2975,109,91
9/24/2022,1,2,73,3151,108,95
9/25/2022,1,2,49,2847,104,91
9/26/2022,1,2,61,3245,107,95
9/27/2022,1,2,57,2554,110,91
9/28/2022,1,2,55,3366,101,91
9/29/2022,1,2,66,2614,108,91
9/30/2022,1,2,79,3347,109,94
10/1/2022,1,2,60,2825,109,98
10/2/2022,1,2,56,2743,109,95
10/3/2022,1,2,55,2875,105,94
10/4/2022,1,2,55,2744,102,91
10/5/2022,1,2,59,2806,108,96
10/6/2022,1,2,54,3264,105,93
10/7/2022,1,2,61,2620,103,94
10/8/2022,1,2,60,3031,107,96
10/9/2022,1,2,46,2980,107,97
10/10/2022,1,2,52,2655,106,95
10/11/2022,1,2,55,2817,102,98
10/12/2022,1,2,48,3473,106,92
10/13/2022,1,2,53,3235,102,99
10/14/2022,1,2,64,3155,102,93
10/15/2022,1,2,64,2954,104,97
10/16/2022,1,2,44,3359,103,93
10/17/2022,1,2,47,2940,110,94
10/18/2022,1,2,70,3242,106,97
10/19/2022,1,2,45,3050,102,92
10/20/2022,1,2,51,2518,103,99
10/21/2022,1,2,70,2923,107,96
10/22/2022,1,2,61,2622,105,96
10/23/2022,1,2,45,3036,106,96
10/24/2022,1,2,56,3317,109,96
10/25/2022,1,2,66,2779,110,99
10/26/2022,1,2,44,3093,103,99
10/27/2022,1,2,66,3162,102,96
10/28/2022,1,2,61,2700,101,96
10/29/2022,1,2,77,2840,103,96
10/30/2022,1,2,53,3420,109,95
10/31/2022,1,2,50,2973,103,95
11/1/2022,1,2,63,3381,110,98
11/2/2022,1,2,67,3012,104,92
11/3/2022,1,2,75,2507,108,96
11/4/2022,1,2,68,3118,105,92
11/5/2022,1,2,74,2829,105,96
11/6/2022,1,2,69,3074,109,99
11/7/2022,1,2,68,3247,107,91
11/8/2022,1,2,58,2787,103,93
11/9/2022,1,2,62,2742,105,97
11/10/2022,1,2,58,3357,103,93
11/11/2022,1,2,69,2734,108,94
11/12/2022,1,2,76,3360,107,91
11/13/2022,1,2,61,3358,106,92
11/14/2022,1,2,57,2505,106,96
11/15/2022,1,2,55,2869,104,96
11/16/2022,1,2,53,3367,105,97
11/17/2022,1,2,75,3421,107,99
11/18/2022,1,2,78,3142,104,93
11/19/2022,1,2,73,2910,108,97
11/20/2022,1,2,54,3211,109,94
11/21/2022,1,2,55,3321,104,99
11/22/2022,1,2,51,3054,110,97
11/23/2022,1,2,73,3145,101,94
11/24/2022,1,2,68,2576,106,94
11/25/2022,1,2,63,2607,103,99
11/26/2022,1,2,78,2547,104,93
11/27/2022,1,2,58,3417,107,92
11/28/2022,1,2,57,2940,108,94
11/29/2022,1,2,66,3345,102,93
11/30/2022,1,2,80,3347,106,95
12/1/2022,1,2,56,2513,109,92
12/2/2022,1,2,64,3130,110,92
12/3/2022,1,2,59,2515,104,97
12/4/2022,1,2,33,2503,101,92
12/5/2022,1,2,45,2712,105,97
12/6/2022,1,2,50,2511,109,97
12/7/2022,1,2,47,2889,107,97
12/8/2022,1,2,44,2724,103,93
12/9/2022,1,2,50,3189,101,94
12/10/2022,1,2,50,2730,101,96
12/11/2022,1,2,43,2931,108,91
12/12/2022,1,2,37,2720,103,93
12/13/2022,1,2,50,3126,104,96
12/14/2022,1,2,42,3302,103,91
12/15/2022,1,2,52,2662,101,98
12/16/2022,1,2,48,3425,103,93
12/17/2022,1,2,55,2772,103,93
12/18/2022,1,2,37,3252,107,93
12/19/2022,1,2,41,3162,110,94
12/20/2022,1,2,35,2684,108,99
12/21/2022,1,2,39,3392,108,91
12/22/2022,1,2,41,3121,104,97
12/23/2022,1,2,52,3265,107,99
12/24/2022,1,2,47,3404,110,98
12/25/2022,1,2,37,2521,104,97
12/26/2022,1,2,43,3207,102,92
12/27/2022,1,2,55,3287,108,98
12/28/2022,1,2,50,3183,110,93
12/29/2022,1,2,50,2717,107,95
12/30/2022,1,2,56,3185,105,93
12/31/2022,1,2,67,3482,102,95
1/1/2018,2,2,41,3340,102,92
1/2/2018,2,2,33,2535,104,98
1/3/2018,2,2,46,2846,110,95
1/4/2018,2,2,50,3413,101,91
1/5/2018,2,2,44,3272,107,99
1/6/2018,2,2,57,2841,106,96
1/7/2018,2,2,27,3482,101,94
1/8/2018,2,2,43,3187,109,99
1/9/2018,2,2,38,2634,103,98
1/10/2018,2,2,49,3425,110,94
1/11/2018,2,2,53,3067,107,91
1/12/2018,2,2,47,3043,110,98
1/13/2018,2,2,58,2710,108,93
1/14/2018,2,2,26,2902,107,99
1/15/2018,2,2,40,3128,107,99
1/16/2018,2,2,43,2632,105,97
1/17/2018,2,2,38,2601,101,91
1/18/2018,2,2,46,3224,102,97
1/19/2018,2,2,50,3025,102,92
1/20/2018,2,2,49,3179,104,96
1/21/2018,2,2,36,2717,104,96
1/22/2018,2,2,43,2500,108,99
1/23/2018,2,2,35,3092,110,97
1/24/2018,2,2,41,2624,101,91
1/25/2018,2,2,50,2658,102,94
1/26/2018,2,2,38,2624,104,94
1/27/2018,2,2,50,3311,107,98
1/28/2018,2,2,35,2936,107,98
1/29/2018,2,2,41,3171,102,92
1/30/2018,2,2,45,3066,105,95
1/31/2018,2,2,42,2731,108,97
2/1/2018,2,2,36,3474,102,97
2/2/2018,2,2,47,2607,102,92
2/3/2018,2,2,48,3212,107,96
2/4/2018,2,2,31,3347,108,92
2/5/2018,2,2,41,3211,106,98
2/6/2018,2,2,36,2572,107,96
2/7/2018,2,2,48,3417,106,91
2/8/2018,2,2,40,2781,103,97
2/9/2018,2,2,61,3458,103,91
2/10/2018,2,2,49,3068,108,91
2/11/2018,2,2,38,3152,107,92
2/12/2018,2,2,46,3414,102,96
2/13/2018,2,2,48,2820,101,97
2/14/2018,2,2,46,3003,102,96
2/15/2018,2,2,52,2755,108,97
2/16/2018,2,2,49,2937,106,95
2/17/2018,2,2,53,3400,104,96
2/18/2018,2,2,35,3480,103,99
2/19/2018,2,2,46,2985,103,94
2/20/2018,2,2,50,3481,102,96
2/21/2018,2,2,49,3186,107,91
2/22/2018,2,2,46,3451,104,91
2/23/2018,2,2,53,3439,105,98
2/24/2018,2,2,57,2929,110,96
2/25/2018,2,2,33,2582,110,91
2/26/2018,2,2,38,3415,103,96
2/27/2018,2,2,48,2811,105,96
2/28/2018,2,2,38,2863,105,99
3/1/2018,2,2,57,2855,109,92
3/2/2018,2,2,62,2687,103,94
3/3/2018,2,2,70,3004,106,91
3/4/2018,2,2,38,2594,105,95
3/5/2018,2,2,51,2877,108,98
3/6/2018,2,2,58,2629,101,93
3/7/2018,2,2,65,3057,102,97
3/8/2018,2,2,50,2939,110,94
3/9/2018,2,2,59,2541,110,91
3/10/2018,2,2,62,3401,104,95
3/11/2018,2,2,35,3055,102,92
3/12/2018,2,2,54,3228,108,94
3/13/2018,2,2,66,2504,110,92
3/14/2018,2,2,45,2834,106,98
3/15/2018,2,2,67,2782,110,94
3/16/2018,2,2,70,3195,101,93
3/17/2018,2,2,68,3222,108,99
3/18/2018,2,2,36,2531,105,99
3/19/2018,2,2,43,2727,104,96
3/20/2018,2,2,53,2560,103,99
3/21/2018,2,2,63,3061,107,92
3/22/2018,2,2,61,2891,106,97
3/23/2018,2,2,76,2923,103,97
3/24/2018,2,2,61,2725,106,91
3/25/2018,2,2,33,3103,109,94
3/26/2018,2,2,52,3419,105,92
3/27/2018,2,2,54,3338,108,97
3/28/2018,2,2,69,2615,108,99
3/29/2018,2,2,62,2803,103,91
3/30/2018,2,2,66,3015,108,95
3/31/2018,2,2,69,3315,102,92
4/1/2018,2,2,58,3457,109,92
4/2/2018,2,2,63,3382,108,95
4/3/2018,2,2,74,3316,108,92
4/4/2018,2,2,74,3389,105,98
4/5/2018,2,2,69,3212,107,98
4/6/2018,2,2,62,2744,107,96
4/7/2018,2,2,84,2945,107,93
4/8/2018,2,2,56,2895,102,96
4/9/2018,2,2,64,2933,107,93
4/10/2018,2,2,62,3177,110,94
4/11/2018,2,2,63,3020,106,92
4/12/2018,2,2,72,2821,104,98
4/13/2018,2,2,77,3433,101,94
4/14/2018,2,2,76,3045,108,98
4/15/2018,2,2,58,2981,108,95
4/16/2018,2,2,59,2738,102,91
4/17/2018,2,2,57,3074,109,91
4/18/2018,2,2,47,3312,109,92
4/19/2018,2,2,70,2915,108,91
4/20/2018,2,2,81,3250,106,99
4/21/2018,2,2,73,2857,106,94
4/22/2018,2,2,53,3299,101,91
4/23/2018,2,2,48,2956,104,94
4/24/2018,2,2,66,2780,107,93
4/25/2018,2,2,54,3273,107,98
4/26/2018,2,2,72,3041,104,92
4/27/2018,2,2,67,3438,105,91
4/28/2018,2,2,68,2878,103,97
4/29/2018,2,2,60,3201,108,97
4/30/2018,2,2,65,2559,110,93
5/1/2018,2,2,63,2687,105,94
5/2/2018,2,2,71,2613,105,98
5/3/2018,2,2,71,2782,104,98
5/4/2018,2,2,91,3385,102,94
5/5/2018,2,2,93,3019,101,98
5/6/2018,2,2,50,3234,103,97
5/7/2018,2,2,69,3243,105,92
5/8/2018,2,2,52,2571,107,94
5/9/2018,2,2,60,2629,108,98
5/10/2018,2,2,92,2517,107,98
5/11/2018,2,2,78,2788,108,98
5/12/2018,2,2,67,2823,109,91
5/13/2018,2,2,71,2704,103,93
5/14/2018,2,2,68,2793,106,95
5/15/2018,2,2,76,2903,107,92
5/16/2018,2,2,82,2581,102,98
5/17/2018,2,2,90,2550,102,91
5/18/2018,2,2,66,3471,104,91
5/19/2018,2,2,111,3120,105,98
5/20/2018,2,2,57,3241,106,99
5/21/2018,2,2,63,2582,102,95
5/22/2018,2,2,65,3203,107,92
5/23/2018,2,2,78,3425,101,91
5/24/2018,2,2,68,2781,105,97
5/25/2018,2,2,82,3067,108,99
5/26/2018,2,2,73,3235,105,92
5/27/2018,2,2,54,2867,109,97
5/28/2018,2,2,83,2817,103,95
5/29/2018,2,2,68,2927,107,91
5/30/2018,2,2,70,3374,103,96
5/31/2018,2,2,80,2902,102,96
6/1/2018,2,2,74,2635,103,93
6/2/2018,2,2,82,3202,102,99
6/3/2018,2,2,60,2929,109,92
6/4/2018,2,2,79,2869,108,98
6/5/2018,2,2,64,2565,105,91
6/6/2018,2,2,82,3094,105,91
6/7/2018,2,2,79,3211,105,96
6/8/2018,2,2,77,3002,102,99
6/9/2018,2,2,119,3345,108,92
6/10/2018,2,2,59,3076,105,94
6/11/2018,2,2,68,2832,110,96
6/12/2018,2,2,65,2531,103,96
6/13/2018,2,2,75,3272,109,96
6/14/2018,2,2,73,2805,107,99
6/15/2018,2,2,100,3414,102,98
6/16/2018,2,2,104,3289,110,93
6/17/2018,2,2,64,2782,103,98
6/18/2018,2,2,58,2852,109,92
6/19/2018,2,2,70,3332,110,96
6/20/2018,2,2,80,3051,106,92
6/21/2018,2,2,86,2746,107,99
6/22/2018,2,2,86,3039,105,95
6/23/2018,2,2,99,2520,106,97
6/24/2018,2,2,55,2639,105,96
6/25/2018,2,2,64,2670,104,95
6/26/2018,2,2,68,3191,103,93
6/27/2018,2,2,76,3323,101,94
6/28/2018,2,2,76,3399,101,98
6/29/2018,2,2,77,3201,104,99
6/30/2018,2,2,94,2900,107,92
7/1/2018,2,2,76,2824,106,96
7/2/2018,2,2,75,2689,101,97
7/3/2018,2,2,72,3481,104,96
7/4/2018,2,2,85,3299,104,94
7/5/2018,2,2,97,3061,106,99
7/6/2018,2,2,84,2568,101,94
7/7/2018,2,2,88,3497,109,99
7/8/2018,2,2,48,3111,105,94
7/9/2018,2,2,81,2917,109,98
7/10/2018,2,2,84,2807,108,93
7/11/2018,2,2,84,2867,104,98
7/12/2018,2,2,75,3268,109,98
7/13/2018,2,2,87,3004,106,98
7/14/2018,2,2,65,2635,101,91
7/15/2018,2,2,68,3240,106,97
7/16/2018,2,2,69,2740,104,93
7/17/2018,2,2,73,2599,106,98
7/18/2018,2,2,71,2727,106,96
7/19/2018,2,2,95,3221,107,98
7/20/2018,2,2,85,2535,102,92
7/21/2018,2,2,98,2634,108,93
7/22/2018,2,2,66,2656,101,96
7/23/2018,2,2,78,3175,103,95
7/24/2018,2,2,76,3301,102,96
7/25/2018,2,2,91,2791,103,93
7/26/2018,2,2,106,3458,108,95
7/27/2018,2,2,83,2714,101,96
7/28/2018,2,2,75,3111,102,99
7/29/2018,2,2,75,3252,101,99
7/30/2018,2,2,56,3152,103,93
7/31/2018,2,2,71,3458,103,97
8/1/2018,2,2,59,2660,104,97
8/2/2018,2,2,86,2500,102,94
8/3/2018,2,2,67,3208,108,95
8/4/2018,2,2,70,3350,106,94
8/5/2018,2,2,63,3302,103,96
8/6/2018,2,2,68,2768,105,92
8/7/2018,2,2,71,2710,107,96
8/8/2018,2,2,71,2806,108,95
8/9/2018,2,2,74,3382,103,97
8/10/2018,2,2,80,3333,109,91
8/11/2018,2,2,79,3197,101,97
8/12/2018,2,2,55,3047,105,91
8/13/2018,2,2,59,2794,108,95
8/14/2018,2,2,71,2571,104,95
8/15/2018,2,2,82,3153,104,91
8/16/2018,2,2,72,2964,106,97
8/17/2018,2,2,89,2843,109,93
8/18/2018,2,2,106,2933,110,95
8/19/2018,2,2,61,3222,110,91
8/20/2018,2,2,57,3107,110,97
8/21/2018,2,2,77,2807,108,93
8/22/2018,2,2,72,2982,110,99
8/23/2018,2,2,84,3487,110,95
8/24/2018,2,2,76,3122,105,91
8/25/2018,2,2,88,2653,110,97
8/26/2018,2,2,56,3322,107,93
8/27/2018,2,2,77,2644,102,92
8/28/2018,2,2,55,3310,104,96
8/29/2018,2,2,61,3492,105,93
8/30/2018,2,2,68,2942,106,97
8/31/2018,2,2,66,2808,110,94
9/1/2018,2,2,81,2776,108,97
9/2/2018,2,2,61,3226,101,95
9/3/2018,2,2,65,2584,102,97
9/4/2018,2,2,57,2569,105,93
9/5/2018,2,2,60,2552,106,98
9/6/2018,2,2,66,2753,108,93
9/7/2018,2,2,73,2904,103,94
9/8/2018,2,2,92,2621,101,98
9/9/2018,2,2,52,2558,110,94
9/10/2018,2,2,57,2987,109,97
9/11/2018,2,2,72,2588,105,92
9/12/2018,2,2,73,3488,107,95
9/13/2018,2,2,60,3249,109,92
9/14/2018,2,2,80,3420,101,98
9/15/2018,2,2,88,3285,106,94
9/16/2018,2,2,54,2821,104,94
9/17/2018,2,2,67,2623,105,94
9/18/2018,2,2,74,3373,110,99
9/19/2018,2,2,54,2946,107,93
9/20/2018,2,2,65,2813,104,93
9/21/2018,2,2,60,2836,101,98
9/22/2018,2,2,92,2844,101,95
9/23/2018,2,2,54,2617,108,96
9/24/2018,2,2,64,3314,108,99
9/25/2018,2,2,60,2746,106,97
9/26/2018,2,2,68,2879,104,96
9/27/2018,2,2,83,2615,109,92
9/28/2018,2,2,58,3025,105,96
9/29/2018,2,2,83,3398,103,95
9/30/2018,2,2,48,3313,105,98
10/1/2018,2,2,57,2731,109,93
10/2/2018,2,2,52,2828,110,92
10/3/2018,2,2,77,2795,101,92
10/4/2018,2,2,55,2904,110,92
10/5/2018,2,2,68,2922,104,98
10/6/2018,2,2,72,2788,101,96
10/7/2018,2,2,51,3432,105,93
10/8/2018,2,2,68,3011,102,99
10/9/2018,2,2,57,2718,106,92
10/10/2018,2,2,56,3333,104,99
10/11/2018,2,2,65,2741,101,94
10/12/2018,2,2,75,3054,101,93
10/13/2018,2,2,58,3268,101,92
10/14/2018,2,2,48,2909,103,93
10/15/2018,2,2,61,3146,106,96
10/16/2018,2,2,57,2957,102,99
10/17/2018,2,2,75,2546,101,91
10/18/2018,2,2,59,3426,110,94
10/19/2018,2,2,68,2626,101,96
10/20/2018,2,2,62,3108,102,99
10/21/2018,2,2,55,2712,108,93
10/22/2018,2,2,60,2637,107,94
10/23/2018,2,2,56,2917,103,91
10/24/2018,2,2,53,3412,109,91
10/25/2018,2,2,73,3440,108,91
10/26/2018,2,2,66,3080,106,99
10/27/2018,2,2,61,3488,101,94
10/28/2018,2,2,47,3414,101,93
10/29/2018,2,2,46,2589,101,92
10/30/2018,2,2,69,3171,107,92
10/31/2018,2,2,57,2598,108,99
11/1/2018,2,2,59,2542,104,94
11/2/2018,2,2,66,2727,101,91
11/3/2018,2,2,71,3150,102,95
11/4/2018,2,2,51,3162,110,91
11/5/2018,2,2,71,3187,109,94
11/6/2018,2,2,63,2820,106,98
11/7/2018,2,2,67,2880,108,95
11/8/2018,2,2,65,2940,104,94
11/9/2018,2,2,76,2632,105,95
11/10/2018,2,2,70,2843,104,92
11/11/2018,2,2,46,3027,107,98
11/12/2018,2,2,70,3206,109,99
11/13/2018,2,2,60,3212,108,94
11/14/2018,2,2,64,2916,105,96
11/15/2018,2,2,68,3308,105,94
11/16/2018,2,2,86,3089,109,99
11/17/2018,2,2,74,2691,110,91
11/18/2018,2,2,44,2752,110,99
11/19/2018,2,2,70,2929,104,91
11/20/2018,2,2,64,3360,104,99
11/21/2018,2,2,58,2610,102,99
11/22/2018,2,2,70,3215,108,98
11/23/2018,2,2,76,3194,109,93
11/24/2018,2,2,75,3289,108,95
11/25/2018,2,2,60,2966,101,97
11/26/2018,2,2,73,2644,108,92
11/27/2018,2,2,53,3322,110,96
11/28/2018,2,2,63,2916,103,91
11/29/2018,2,2,63,3177,110,99
11/30/2018,2,2,68,3452,108,99
12/1/2018,2,2,62,3078,103,93
12/2/2018,2,2,47,2951,104,91
12/3/2018,2,2,43,3250,106,96
12/4/2018,2,2,37,2982,103,97
12/5/2018,2,2,51,3178,103,99
12/6/2018,2,2,47,2685,101,92
12/7/2018,2,2,66,3282,104,97
12/8/2018,2,2,48,3066,102,99
12/9/2018,2,2,28,2637,109,95
12/10/2018,2,2,46,2671,102,97
12/11/2018,2,2,53,3382,109,93
12/12/2018,2,2,46,2626,101,93
12/13/2018,2,2,60,2862,101,96
12/14/2018,2,2,44,3354,108,94
12/15/2018,2,2,47,3491,104,98
12/16/2018,2,2,44,2902,102,96
12/17/2018,2,2,47,2730,108,99
12/18/2018,2,2,38,2596,101,99
12/19/2018,2,2,57,2702,104,96
12/20/2018,2,2,58,2874,106,91
12/21/2018,2,2,64,2578,109,94
12/22/2018,2,2,49,3366,105,92
12/23/2018,2,2,48,3160,102,93
12/24/2018,2,2,49,2891,105,92
12/25/2018,2,2,50,3057,101,95
12/26/2018,2,2,52,3279,109,92
12/27/2018,2,2,48,2916,108,98
12/28/2018,2,2,65,2695,101,91
12/29/2018,2,2,50,2927,104,93
12/30/2018,2,2,32,3136,102,92
12/31/2018,2,2,42,3125,109,98
1/1/2019,2,2,38,3175,109,95
1/2/2019,2,2,55,3243,101,95
1/3/2019,2,2,48,3155,105,96
1/4/2019,2,2,54,3265,102,93
1/5/2019,2,2,51,2692,107,93
1/6/2019,2,2,36,2736,105,98
1/7/2019,2,2,65,3270,106,91
1/8/2019,2,2,42,2874,108,93
1/9/2019,2,2,39,2659,104,94
1/10/2019,2,2,47,3106,109,97
1/11/2019,2,2,39,2695,101,99
1/12/2019,2,2,44,3170,109,98
1/13/2019,2,2,42,3400,101,97
1/14/2019,2,2,39,2789,110,93
1/15/2019,2,2,52,3353,104,99
1/16/2019,2,2,36,2786,105,98
1/17/2019,2,2,40,3428,109,92
1/18/2019,2,2,55,2758,108,96
1/19/2019,2,2,77,2840,101,91
1/20/2019,2,2,35,2581,105,95
1/21/2019,2,2,44,2783,110,98
1/22/2019,2,2,55,2679,105,91
1/23/2019,2,2,42,2870,106,95
1/24/2019,2,2,54,2909,101,92
1/25/2019,2,2,49,2559,104,95
1/26/2019,2,2,63,3079,109,97
1/27/2019,2,2,34,3415,107,94
1/28/2019,2,2,50,2932,104,95
1/29/2019,2,2,63,3390,108,95
1/30/2019,2,2,57,3470,108,98
1/31/2019,2,2,56,2600,101,94
2/1/2019,2,2,83,3161,108,97
2/2/2019,2,2,65,2813,104,96
2/3/2019,2,2,42,3053,104,92
2/4/2019,2,2,66,2938,104,93
2/5/2019,2,2,50,3072,103,94
2/6/2019,2,2,62,2977,102,93
2/7/2019,2,2,59,3025,107,92
2/8/2019,2,2,67,3321,110,92
2/9/2019,2,2,59,2803,104,98
2/10/2019,2,2,51,2874,103,92
2/11/2019,2,2,50,2930,104,94
2/12/2019,2,2,56,3088,101,92
2/13/2019,2,2,51,3050,106,96
2/14/2019,2,2,62,2877,105,97
2/15/2019,2,2,58,3460,106,99
2/16/2019,2,2,64,2727,110,96
2/17/2019,2,2,58,3067,105,95
2/18/2019,2,2,53,2845,108,98
2/19/2019,2,2,50,2568,101,93
2/20/2019,2,2,64,2758,103,98
2/21/2019,2,2,61,2562,110,96
2/22/2019,2,2,64,2940,106,94
2/23/2019,2,2,76,3262,110,91
2/24/2019,2,2,36,2978,108,98
2/25/2019,2,2,42,3363,110,97
2/26/2019,2,2,58,3425,105,94
2/27/2019,2,2,52,2850,107,95
2/28/2019,2,2,57,2516,102,93
3/1/2019,2,2,74,3310,106,97
3/2/2019,2,2,86,3114,103,95
3/3/2019,2,2,55,2514,102,99
3/4/2019,2,2,58,3221,103,93
3/5/2019,2,2,67,2637,101,99
3/6/2019,2,2,61,3414,109,98
3/7/2019,2,2,65,2665,107,94
3/8/2019,2,2,71,2845,110,97
3/9/2019,2,2,86,2502,102,95
3/10/2019,2,2,52,2649,105,97
3/11/2019,2,2,65,3334,104,97
3/12/2019,2,2,58,2763,102,98
3/13/2019,2,2,80,3434,106,92
3/14/2019,2,2,71,2848,105,94
3/15/2019,2,2,84,2957,101,95
3/16/2019,2,2,74,3467,102,95
3/17/2019,2,2,44,2931,110,96
3/18/2019,2,2,62,2604,101,95
3/19/2019,2,2,57,3170,104,96
3/20/2019,2,2,66,2669,104,99
3/21/2019,2,2,73,2873,109,98
3/22/2019,2,2,77,3015,103,91
3/23/2019,2,2,67,3464,109,97
3/24/2019,2,2,56,3320,106,92
3/25/2019,2,2,64,3077,102,93
3/26/2019,2,2,62,3411,103,96
3/27/2019,2,2,54,3383,105,99
3/28/2019,2,2,63,2560,110,96
3/29/2019,2,2,63,2787,106,91
3/30/2019,2,2,78,2792,109,91
3/31/2019,2,2,54,2895,106,98
4/1/2019,2,2,79,2579,101,98
4/2/2019,2,2,69,2518,108,92
4/3/2019,2,2,85,3076,105,93
4/4/2019,2,2,69,2724,106,94
4/5/2019,2,2,76,2818,104,98
4/6/2019,2,2,98,2907,109,98
4/7/2019,2,2,54,3003,104,96
4/8/2019,2,2,72,2804,106,98
4/9/2019,2,2,56,3084,110,96
4/10/2019,2,2,65,3116,104,94
4/11/2019,2,2,83,2898,107,96
4/12/2019,2,2,95,3406,107,99
4/13/2019,2,2,106,2503,108,95
4/14/2019,2,2,56,3391,107,96
4/15/2019,2,2,76,2568,109,99
4/16/2019,2,2,61,2892,108,93
4/17/2019,2,2,68,3202,104,98
4/18/2019,2,2,85,3096,105,94
4/19/2019,2,2,99,2599,105,91
4/20/2019,2,2,96,3081,103,92
4/21/2019,2,2,55,2933,105,98
4/22/2019,2,2,70,3192,103,92
4/23/2019,2,2,77,3002,109,92
4/24/2019,2,2,87,2706,104,99
4/25/2019,2,2,81,2852,106,94
4/26/2019,2,2,93,3233,103,94
4/27/2019,2,2,89,3153,106,96
4/28/2019,2,2,61,3142,102,94
4/29/2019,2,2,77,3104,103,96
4/30/2019,2,2,62,3369,106,99
5/1/2019,2,2,90,3180,102,99
5/2/2019,2,2,71,2989,103,97
5/3/2019,2,2,96,3229,106,95
5/4/2019,2,2,101,3184,106,92
5/5/2019,2,2,59,3151,108,92
5/6/2019,2,2,82,3137,106,93
5/7/2019,2,2,67,2696,110,94
5/8/2019,2,2,88,2710,101,93
5/9/2019,2,2,83,3335,102,94
5/10/2019,2,2,89,3103,108,93
5/11/2019,2,2,89,3458,106,98
5/12/2019,2,2,65,2778,110,93
5/13/2019,2,2,69,3250,110,91
5/14/2019,2,2,55,2993,105,97
5/15/2019,2,2,75,3187,106,91
5/16/2019,2,2,73,2682,104,93
5/17/2019,2,2,95,2781,104,99
5/18/2019,2,2,98,2917,103,94
5/19/2019,2,2,80,3246,107,99
5/20/2019,2,2,80,3200,102,95
5/21/2019,2,2,79,3360,104,98
5/22/2019,2,2,75,2765,104,92
5/23/2019,2,2,98,2793,110,96
5/24/2019,2,2,108,2877,104,96
5/25/2019,2,2,93,3257,104,96
5/26/2019,2,2,62,3240,110,91
5/27/2019,2,2,77,2943,102,97
5/28/2019,2,2,100,3340,107,96
5/29/2019,2,2,79,3362,103,97
5/30/2019,2,2,95,3082,107,91
5/31/2019,2,2,87,3460,104,97
6/1/2019,2,2,110,3270,106,98
6/2/2019,2,2,62,3288,106,92
6/3/2019,2,2,60,3089,105,92
6/4/2019,2,2,68,3435,103,92
6/5/2019,2,2,93,3257,108,92
6/6/2019,2,2,100,3220,108,98
6/7/2019,2,2,90,2872,108,96
6/8/2019,2,2,101,3355,101,98
6/9/2019,2,2,69,2648,106,99
6/10/2019,2,2,71,2973,102,94
6/11/2019,2,2,94,3235,109,97
6/12/2019,2,2,96,2707,108,91
6/13/2019,2,2,94,2702,103,99
6/14/2019,2,2,98,2689,107,91
6/15/2019,2,2,103,3154,102,98
6/16/2019,2,2,67,3123,103,95
6/17/2019,2,2,65,2738,109,96
6/18/2019,2,2,78,2619,109,93
6/19/2019,2,2,84,2916,105,97
6/20/2019,2,2,91,3351,108,97
6/21/2019,2,2,119,2867,104,94
6/22/2019,2,2,101,2695,105,92
6/23/2019,2,2,48,2829,105,94
6/24/2019,2,2,83,3390,101,92
6/25/2019,2,2,80,3461,107,91
6/26/2019,2,2,77,2558,104,99
6/27/2019,2,2,91,3018,110,94
6/28/2019,2,2,111,3258,104,92
6/29/2019,2,2,96,2778,109,92
6/30/2019,2,2,63,2917,102,93
7/1/2019,2,2,87,2984,105,91
7/2/2019,2,2,94,3037,106,95
7/3/2019,2,2,97,2858,110,94
7/4/2019,2,2,92,2594,109,92
7/5/2019,2,2,104,2992,102,99
7/6/2019,2,2,120,3278,102,96
7/7/2019,2,2,56,3121,104,91
7/8/2019,2,2,63,2810,110,99
7/9/2019,2,2,93,3026,104,99
7/10/2019,2,2,79,3302,109,93
7/11/2019,2,2,78,2773,103,91
7/12/2019,2,2,88,3072,102,92
7/13/2019,2,2,104,2921,105,94
7/14/2019,2,2,70,3206,107,91
7/15/2019,2,2,89,3035,105,99
7/16/2019,2,2,73,3147,105,94
7/17/2019,2,2,105,2787,102,99
7/18/2019,2,2,126,3498,102,91
7/19/2019,2,2,88,3238,106,91
7/20/2019,2,2,109,2665,101,91
7/21/2019,2,2,71,3105,103,98
7/22/2019,2,2,81,2654,105,91
7/23/2019,2,2,69,3190,101,98
7/24/2019,2,2,106,2641,102,97
7/25/2019,2,2,99,3296,101,96
7/26/2019,2,2,87,2823,104,95
7/27/2019,2,2,114,3277,104,93
7/28/2019,2,2,72,3042,102,97
7/29/2019,2,2,83,2564,108,96
7/30/2019,2,2,79,2582,102,96
7/31/2019,2,2,98,3255,103,91
8/1/2019,2,2,79,3233,104,93
8/2/2019,2,2,93,3289,105,91
8/3/2019,2,2,84,2514,101,92
8/4/2019,2,2,63,2995,107,95
8/5/2019,2,2,52,2500,107,96
8/6/2019,2,2,82,2804,104,91
8/7/2019,2,2,80,2977,110,96
8/8/2019,2,2,82,3315,105,94
8/9/2019,2,2,89,2688,109,99
8/10/2019,2,2,96,2592,104,94
8/11/2019,2,2,73,3434,108,97
8/12/2019,2,2,75,3142,104,99
8/13/2019,2,2,84,2770,105,99
8/14/2019,2,2,84,2851,101,96
8/15/2019,2,2,90,3400,105,93
8/16/2019,2,2,82,3316,108,99
8/17/2019,2,2,113,2634,105,96
8/18/2019,2,2,77,3422,101,91
8/19/2019,2,2,54,2785,108,99
8/20/2019,2,2,67,3122,109,96
8/21/2019,2,2,101,2684,102,99
8/22/2019,2,2,99,2614,105,97
8/23/2019,2,2,76,3210,110,91
8/24/2019,2,2,87,2628,108,96
8/25/2019,2,2,63,3246,107,98
8/26/2019,2,2,74,2612,103,97
8/27/2019,2,2,85,2984,103,96
8/28/2019,2,2,71,3385,109,96
8/29/2019,2,2,81,2861,102,91
8/30/2019,2,2,92,3186,101,92
8/31/2019,2,2,92,2735,106,99
9/1/2019,2,2,70,3411,110,97
9/2/2019,2,2,66,2993,105,97
9/3/2019,2,2,70,3451,101,95
9/4/2019,2,2,76,3369,108,98
9/5/2019,2,2,76,2966,102,94
9/6/2019,2,2,79,2826,104,98
9/7/2019,2,2,91,3045,103,98
9/8/2019,2,2,66,2606,108,96
9/9/2019,2,2,71,3127,103,98
9/10/2019,2,2,66,2898,103,97
9/11/2019,2,2,52,2666,102,99
9/12/2019,2,2,72,2968,109,92
9/13/2019,2,2,82,3047,104,93
9/14/2019,2,2,78,2673,108,98
9/15/2019,2,2,52,3490,106,92
9/16/2019,2,2,80,3144,103,94
9/17/2019,2,2,74,2725,103,91
9/18/2019,2,2,71,3266,106,96
9/19/2019,2,2,106,3477,101,96
9/20/2019,2,2,89,3264,102,92
9/21/2019,2,2,75,3001,110,96
9/22/2019,2,2,52,2599,106,95
9/23/2019,2,2,76,3139,101,93
9/24/2019,2,2,85,2772,105,91
9/25/2019,2,2,65,2687,102,99
9/26/2019,2,2,91,2769,101,96
9/27/2019,2,2,82,3491,109,93
9/28/2019,2,2,74,3289,104,95
9/29/2019,2,2,51,3457,104,92
9/30/2019,2,2,80,3432,108,94
10/1/2019,2,2,76,3286,101,92
10/2/2019,2,2,74,2996,105,92
10/3/2019,2,2,77,2999,102,92
10/4/2019,2,2,72,3256,102,98
10/5/2019,2,2,81,2843,107,94
10/6/2019,2,2,50,2574,104,95
10/7/2019,2,2,55,2641,103,99
10/8/2019,2,2,65,3292,106,99
10/9/2019,2,2,70,3295,110,92
10/10/2019,2,2,82,2600,107,98
10/11/2019,2,2,71,2733,104,94
10/12/2019,2,2,73,3123,110,99
10/13/2019,2,2,49,2669,103,98
10/14/2019,2,2,59,3220,106,99
10/15/2019,2,2,80,3210,108,91
10/16/2019,2,2,70,3222,107,91
10/17/2019,2,2,77,3173,105,94
10/18/2019,2,2,82,3379,108,93
10/19/2019,2,2,105,3333,108,93
10/20/2019,2,2,55,2558,106,97
10/21/2019,2,2,70,3244,108,91
10/22/2019,2,2,63,3159,107,94
10/23/2019,2,2,62,2911,104,97
10/24/2019,2,2,87,2605,108,99
10/25/2019,2,2,74,2586,109,96
10/26/2019,2,2,81,2813,103,95
10/27/2019,2,2,56,2674,103,98
10/28/2019,2,2,67,2629,104,91
10/29/2019,2,2,68,3235,104,96
10/30/2019,2,2,61,2772,103,97
10/31/2019,2,2,87,2515,104,94
11/1/2019,2,2,81,2609,104,92
11/2/2019,2,2,98,3119,106,98
11/3/2019,2,2,47,2634,106,98
11/4/2019,2,2,80,2916,102,97
11/5/2019,2,2,83,3100,105,94
11/6/2019,2,2,81,2862,107,95
11/7/2019,2,2,97,2685,109,92
11/8/2019,2,2,87,2911,104,99
11/9/2019,2,2,90,2574,101,91
11/10/2019,2,2,48,3455,104,92
11/11/2019,2,2,73,3375,110,96
11/12/2019,2,2,65,3336,101,92
11/13/2019,2,2,84,3495,104,96
11/14/2019,2,2,81,2598,101,93
11/15/2019,2,2,78,3165,109,97
11/16/2019,2,2,84,3310,105,92
11/17/2019,2,2,65,3357,108,97
11/18/2019,2,2,78,2779,103,97
11/19/2019,2,2,72,2602,106,95
11/20/2019,2,2,74,2855,104,95
11/21/2019,2,2,66,3014,110,93
11/22/2019,2,2,87,2632,103,92
11/23/2019,2,2,81,3136,106,99
11/24/2019,2,2,66,2751,106,95
11/25/2019,2,2,68,2845,110,99
11/26/2019,2,2,63,3035,106,93
11/27/2019,2,2,58,3468,108,91
11/28/2019,2,2,86,2572,105,94
11/29/2019,2,2,87,3328,109,99
11/30/2019,2,2,69,3258,104,96
12/1/2019,2,2,39,2996,109,97
12/2/2019,2,2,46,2603,103,97
12/3/2019,2,2,58,2632,107,94
12/4/2019,2,2,38,3140,105,97
12/5/2019,2,2,65,2590,101,91
12/6/2019,2,2,61,3341,107,95
12/7/2019,2,2,73,3123,107,97
12/8/2019,2,2,46,2726,106,95
12/9/2019,2,2,57,3037,103,91
12/10/2019,2,2,50,2780,109,92
12/11/2019,2,2,54,3138,109,95
12/12/2019,2,2,70,3384,106,92
12/13/2019,2,2,84,2560,103,92
12/14/2019,2,2,56,3124,105,93
12/15/2019,2,2,38,3133,104,95
12/16/2019,2,2,47,2767,106,94
12/17/2019,2,2,52,2501,108,91
12/18/2019,2,2,56,2740,103,95
12/19/2019,2,2,63,2581,107,95
12/20/2019,2,2,54,2729,102,93
12/21/2019,2,2,65,3419,105,95
12/22/2019,2,2,34,3346,105,93
12/23/2019,2,2,46,2669,105,99
12/24/2019,2,2,64,2725,106,95
12/25/2019,2,2,54,3366,107,94
12/26/2019,2,2,51,3239,104,92
12/27/2019,2,2,66,3398,104,91
12/28/2019,2,2,63,2800,105,96
12/29/2019,2,2,48,3135,106,93
12/30/2019,2,2,49,3342,110,92
12/31/2019,2,2,52,3009,103,93
1/1/2020,2,2,35,3211,103,92
1/2/2020,2,2,55,3364,102,92
1/3/2020,2,2,63,3309,103,96
1/4/2020,2,2,62,3464,110,94
1/5/2020,2,2,42,2699,104,95
1/6/2020,2,2,38,2833,105,96
1/7/2020,2,2,49,2710,101,94
1/8/2020,2,2,49,3220,108,99
1/9/2020,2,2,51,3440,103,91
1/10/2020,2,2,70,3216,109,91
1/11/2020,2,2,63,2936,109,94
1/12/2020,2,2,41,3334,106,97
1/13/2020,2,2,43,3239,109,93
1/14/2020,2,2,48,3494,103,93
1/15/2020,2,2,52,2772,107,91
1/16/2020,2,2,49,2838,101,99
1/17/2020,2,2,43,3154,105,94
1/18/2020,2,2,50,2501,103,98
1/19/2020,2,2,40,3465,102,96
1/20/2020,2,2,61,2777,108,92
1/21/2020,2,2,36,2915,103,98
1/22/2020,2,2,62,3379,101,92
1/23/2020,2,2,41,2615,101,94
1/24/2020,2,2,62,3281,103,92
1/25/2020,2,2,66,3489,102,98
1/26/2020,2,2,53,2855,110,97
1/27/2020,2,2,43,2947,109,93
1/28/2020,2,2,52,3086,101,91
1/29/2020,2,2,51,3008,105,97
1/30/2020,2,2,52,2990,110,92
1/31/2020,2,2,50,3294,107,95
2/1/2020,2,2,54,2561,106,96
2/2/2020,2,2,46,3349,103,91
2/3/2020,2,2,59,2930,110,91
2/4/2020,2,2,50,3454,108,93
2/5/2020,2,2,55,3239,102,94
2/6/2020,2,2,57,2822,101,99
2/7/2020,2,2,69,3455,104,97
2/8/2020,2,2,71,2742,106,91
2/9/2020,2,2,45,2645,107,93
2/10/2020,2,2,39,3465,105,91
2/11/2020,2,2,42,2548,101,91
2/12/2020,2,2,60,3142,101,96
2/13/2020,2,2,52,2973,107,96
2/14/2020,2,2,58,3181,103,91
2/15/2020,2,2,70,2904,104,99
2/16/2020,2,2,41,2977,106,99
2/17/2020,2,2,44,2597,107,96
2/18/2020,2,2,49,2634,109,97
2/19/2020,2,2,49,3203,101,92
2/20/2020,2,2,60,3469,107,93
2/21/2020,2,2,68,3284,108,96
2/22/2020,2,2,68,2632,108,93
2/23/2020,2,2,47,3148,103,94
2/24/2020,2,2,44,2516,103,99
2/25/2020,2,2,41,3306,110,93
2/26/2020,2,2,61,2857,108,97
2/27/2020,2,2,62,3453,106,94
2/28/2020,2,2,58,3121,107,96
3/1/2020,2,2,87,2769,103,91
3/2/2020,2,2,52,3251,101,95
3/3/2020,2,2,65,3134,101,96
3/4/2020,2,2,71,3447,105,99
3/5/2020,2,2,55,2926,106,95
3/6/2020,2,2,62,3085,109,98
3/7/2020,2,2,69,3396,104,99
3/8/2020,2,2,80,2919,101,97
3/9/2020,2,2,69,3466,103,98
3/10/2020,2,2,53,3478,104,96
3/11/2020,2,2,64,2776,110,98
3/12/2020,2,2,70,3376,101,92
3/13/2020,2,2,62,2541,105,95
3/14/2020,2,2,83,2940,107,95
3/15/2020,2,2,79,2945,109,93
3/16/2020,2,2,40,2647,110,95
3/17/2020,2,2,58,2631,108,98
3/18/2020,2,2,61,2753,104,92
3/19/2020,2,2,72,3243,110,91
3/20/2020,2,2,79,3164,106,96
3/21/2020,2,2,58,2573,110,99
3/22/2020,2,2,78,3358,107,98
3/23/2020,2,2,45,3041,102,95
3/24/2020,2,2,65,3087,109,91
3/25/2020,2,2,78,2929,110,91
3/26/2020,2,2,75,2807,105,94
3/27/2020,2,2,75,3488,101,94
3/28/2020,2,2,60,3401,103,94
3/29/2020,2,2,108,2652,107,95
3/30/2020,2,2,48,3401,101,97
3/31/2020,2,2,51,3463,107,91
4/1/2020,2,2,79,2590,107,92
4/2/2020,2,2,80,2504,108,91
4/3/2020,2,2,90,3245,101,97
4/4/2020,2,2,94,3498,107,94
4/5/2020,2,2,100,3161,108,96
4/6/2020,2,2,63,2964,101,99
4/7/2020,2,2,68,3284,105,97
4/8/2020,2,2,77,3042,103,92
4/9/2020,2,2,69,2666,101,99
4/10/2020,2,2,82,2617,109,98
4/11/2020,2,2,97,3033,104,91
4/12/2020,2,2,95,2592,106,93
4/13/2020,2,2,71,2846,101,91
4/14/2020,2,2,57,2992,108,97
4/15/2020,2,2,76,3151,103,92
4/16/2020,2,2,89,2530,110,92
4/17/2020,2,2,102,2864,102,92
4/18/2020,2,2,68,3156,104,98
4/19/2020,2,2,93,2853,101,94
4/20/2020,2,2,54,2865,107,92
4/21/2020,2,2,81,2968,103,99
4/22/2020,2,2,64,3185,109,97
4/23/2020,2,2,83,3302,106,99
4/24/2020,2,2,84,2931,110,93
4/25/2020,2,2,100,2715,107,91
4/26/2020,2,2,102,3086,104,97
4/27/2020,2,2,59,2847,105,91
4/28/2020,2,2,76,3435,108,95
4/29/2020,2,2,83,3075,102,98
4/30/2020,2,2,97,2881,107,97
5/1/2020,2,2,105,3210,102,96
5/2/2020,2,2,97,3442,110,92
5/3/2020,2,2,112,2546,107,95
5/4/2020,2,2,57,3443,102,92
5/5/2020,2,2,81,3235,103,93
5/6/2020,2,2,89,3226,103,97
5/7/2020,2,2,83,2618,105,94
5/8/2020,2,2,84,3396,101,94
5/9/2020,2,2,76,2740,102,91
5/10/2020,2,2,102,2605,105,97
5/11/2020,2,2,71,136,110,92
5/12/2020,2,2,69,,106,93
5/13/2020,2,2,70,,107,92
5/14/2020,2,2,99,,109,99
5/15/2020,2,2,86,,106,95
5/16/2020,2,2,104,,106,95
5/17/2020,2,2,99,,105,96
5/18/2020,2,2,70,,103,98
5/19/2020,2,2,71,,103,93
5/20/2020,2,2,81,,108,93
5/21/2020,2,2,80,,109,93
5/22/2020,2,2,109,,103,91
5/23/2020,2,2,90,,110,95
5/24/2020,2,2,99,,101,98
5/25/2020,2,2,61,,106,97
5/26/2020,2,2,68,,105,95
5/27/2020,2,2,81,,106,98
5/28/2020,2,2,92,,107,99
5/29/2020,2,2,94,,106,92
5/30/2020,2,2,97,,109,92
5/31/2020,2,2,119,,104,97
6/1/2020,2,2,73,,107,98
6/2/2020,2,2,81,,105,98
6/3/2020,2,2,76,,108,91
6/4/2020,2,2,84,,106,91
6/5/2020,2,2,109,,109,96
6/6/2020,2,2,111,,109,95
6/7/2020,2,2,108,,102,93
6/8/2020,2,2,77,,105,91
6/9/2020,2,2,70,,105,97
6/10/2020,2,2,83,,103,95
6/11/2020,2,2,100,,110,97
6/12/2020,2,2,87,,106,91
6/13/2020,2,2,94,,101,97
6/14/2020,2,2,112,,101,94
6/15/2020,2,2,78,,105,93
6/16/2020,2,2,93,,103,93
6/17/2020,2,2,80,,110,91
6/18/2020,2,2,91,,105,98
6/19/2020,2,2,114,,105,93
6/20/2020,2,2,101,,106,95
6/21/2020,2,2,104,,105,97
6/22/2020,2,2,78,,108,98
6/23/2020,2,2,96,,103,98
6/24/2020,2,2,94,,101,97
6/25/2020,2,2,90,,107,95
6/26/2020,2,2,82,,107,92
6/27/2020,2,2,121,,106,92
6/28/2020,2,2,103,,109,93
6/29/2020,2,2,71,,108,97
6/30/2020,2,2,95,,106,91
7/1/2020,2,2,86,,104,93
7/2/2020,2,2,100,,109,95
7/3/2020,2,2,107,,102,99
7/4/2020,2,2,106,,101,93
7/5/2020,2,2,112,,108,91
7/6/2020,2,2,77,,102,92
7/7/2020,2,2,76,,107,92
7/8/2020,2,2,87,,104,98
7/9/2020,2,2,90,,109,95
7/10/2020,2,2,97,,108,93
7/11/2020,2,2,106,,105,95
7/12/2020,2,2,95,,106,98
7/13/2020,2,2,69,,106,92
7/14/2020,2,2,76,,110,92
7/15/2020,2,2,91,,109,99
7/16/2020,2,2,93,,109,97
7/17/2020,2,2,94,,105,96
7/18/2020,2,2,88,,103,95
7/19/2020,2,2,119,,103,95
7/20/2020,2,2,85,,101,95
7/21/2020,2,2,93,,110,99
7/22/2020,2,2,74,,101,97
7/23/2020,2,2,90,,110,98
7/24/2020,2,2,81,,103,98
7/25/2020,2,2,121,,106,93
7/26/2020,2,2,114,,108,95
7/27/2020,2,2,67,,103,96
7/28/2020,2,2,79,,102,94
7/29/2020,2,2,104,,101,95
7/30/2020,2,2,106,,109,91
7/31/2020,2,2,100,,103,96
8/1/2020,2,2,100,,102,98
8/2/2020,2,2,103,,108,97
8/3/2020,2,2,72,,105,95
8/4/2020,2,2,71,,101,94
8/5/2020,2,2,83,,103,98
8/6/2020,2,2,92,,102,99
8/7/2020,2,2,111,,102,93
8/8/2020,2,2,90,,110,91
8/9/2020,2,2,117,,102,96
8/10/2020,2,2,73,,109,95
8/11/2020,2,2,84,,106,91
8/12/2020,2,2,78,,103,94
8/13/2020,2,2,80,,103,95
8/14/2020,2,2,95,,102,99
8/15/2020,2,2,88,,105,98
8/16/2020,2,2,118,,103,98
8/17/2020,2,2,69,,103,98
8/18/2020,2,2,98,,107,93
8/19/2020,2,2,68,,103,94
8/20/2020,2,2,76,,109,96
8/21/2020,2,2,114,,101,99
8/22/2020,2,2,94,,104,95
8/23/2020,2,2,81,,102,91
8/24/2020,2,2,85,,108,92
8/25/2020,2,2,75,,109,92
8/26/2020,2,2,89,,108,97
8/27/2020,2,2,87,,106,92
8/28/2020,2,2,90,,105,92
8/29/2020,2,2,96,,107,92
8/30/2020,2,2,82,,108,98
8/31/2020,2,2,69,,104,91
9/1/2020,2,2,80,,101,97
9/2/2020,2,2,70,,103,95
9/3/2020,2,2,75,,105,96
9/4/2020,2,2,102,,109,97
9/5/2020,2,2,100,,108,98
9/6/2020,2,2,99,,106,96
9/7/2020,2,2,77,,109,96
9/8/2020,2,2,75,,102,92
9/9/2020,2,2,58,,102,99
9/10/2020,2,2,81,,105,95
9/11/2020,2,2,80,,107,96
9/12/2020,2,2,82,,104,91
9/13/2020,2,2,101,,104,91
9/14/2020,2,2,65,,110,95
9/15/2020,2,2,78,,103,94
9/16/2020,2,2,75,,102,92
9/17/2020,2,2,74,,101,95
9/18/2020,2,2,84,,104,93
9/19/2020,2,2,75,,101,98
9/20/2020,2,2,105,,106,93
9/21/2020,2,2,54,,103,92
9/22/2020,2,2,68,,105,92
9/23/2020,2,2,66,,110,98
9/24/2020,2,2,88,,105,95
9/25/2020,2,2,84,,103,99
9/26/2020,2,2,80,,105,95
9/27/2020,2,2,100,,105,98
9/28/2020,2,2,65,,103,92
9/29/2020,2,2,68,,110,92
9/30/2020,2,2,74,,105,99
10/1/2020,2,2,64,,104,93
10/2/2020,2,2,80,,101,93
10/3/2020,2,2,73,,107,99
10/4/2020,2,2,91,,104,99
10/5/2020,2,2,55,,102,96
10/6/2020,2,2,73,,104,93
10/7/2020,2,2,70,,105,93
10/8/2020,2,2,82,,107,95
10/9/2020,2,2,87,,104,93
10/10/2020,2,2,92,,101,91
10/11/2020,2,2,88,,109,93
10/12/2020,2,2,55,,102,97
10/13/2020,2,2,78,,102,93
10/14/2020,2,2,64,,107,96
10/15/2020,2,2,62,,104,95
10/16/2020,2,2,81,,106,95
10/17/2020,2,2,77,,108,95
10/18/2020,2,2,84,,104,93
10/19/2020,2,2,56,,105,92
10/20/2020,2,2,63,,106,93
10/21/2020,2,2,80,,107,98
10/22/2020,2,2,70,,110,91
10/23/2020,2,2,95,,102,94
10/24/2020,2,2,76,,105,92
10/25/2020,2,2,66,,108,99
10/26/2020,2,2,64,,102,91
10/27/2020,2,2,92,,103,98
10/28/2020,2,2,76,,102,99
10/29/2020,2,2,75,,105,94
10/30/2020,2,2,88,,103,93
10/31/2020,2,2,92,,106,94
11/1/2020,2,2,108,,109,93
11/2/2020,2,2,65,,104,97
11/3/2020,2,2,81,,106,99
11/4/2020,2,2,75,,105,96
11/5/2020,2,2,74,,107,96
11/6/2020,2,2,79,,107,96
11/7/2020,2,2,108,,110,92
11/8/2020,2,2,93,,104,93
11/9/2020,2,2,61,,105,95
11/10/2020,2,2,73,,106,95
11/11/2020,2,2,72,,102,93
11/12/2020,2,2,70,,110,92
11/13/2020,2,2,82,,103,94
11/14/2020,2,2,97,,109,93
11/15/2020,2,2,102,,104,95
11/16/2020,2,2,68,,109,97
11/17/2020,2,2,79,,105,92
11/18/2020,2,2,69,,106,99
11/19/2020,2,2,82,,108,92
11/20/2020,2,2,67,,110,99
11/21/2020,2,2,108,,108,94
11/22/2020,2,2,109,,109,99
11/23/2020,2,2,56,,101,91
11/24/2020,2,2,73,,101,91
11/25/2020,2,2,86,,108,92
11/26/2020,2,2,74,,108,92
11/27/2020,2,2,89,,102,96
11/28/2020,2,2,107,,104,99
11/29/2020,2,2,112,,110,91
11/30/2020,2,2,63,,109,96
12/1/2020,2,2,53,,105,99
12/2/2020,2,2,61,,103,92
12/3/2020,2,2,54,,108,91
12/4/2020,2,2,55,,107,94
12/5/2020,2,2,69,,106,92
12/6/2020,2,2,66,,106,98
12/7/2020,2,2,43,,102,92
12/8/2020,2,2,56,,110,99
12/9/2020,2,2,61,,103,92
12/10/2020,2,2,60,,107,96
12/11/2020,2,2,55,,102,99
12/12/2020,2,2,73,,109,96
12/13/2020,2,2,71,,110,94
12/14/2020,2,2,65,,109,98
12/15/2020,2,2,61,,110,92
12/16/2020,2,2,50,,107,92
12/17/2020,2,2,60,,106,91
12/18/2020,2,2,52,,101,94
12/19/2020,2,2,69,,109,96
12/20/2020,2,2,64,,104,95
12/21/2020,2,2,52,,107,98
12/22/2020,2,2,60,,108,93
12/23/2020,2,2,54,,107,97
12/24/2020,2,2,61,,102,93
12/25/2020,2,2,65,,107,91
12/26/2020,2,2,66,,104,94
12/27/2020,2,2,70,,104,97
12/28/2020,2,2,46,,107,93
12/29/2020,2,2,48,,102,98
12/30/2020,2,2,56,,103,93
12/31/2020,2,2,53,,108,97
1/1/2021,2,2,61,,109,91
1/2/2021,2,2,52,,110,94
1/3/2021,2,2,61,,104,96
1/4/2021,2,2,44,,109,95
1/5/2021,2,2,58,,110,95
1/6/2021,2,2,43,,104,98
1/7/2021,2,2,62,,103,94
1/8/2021,2,2,49,,103,97
1/9/2021,2,2,60,,110,94
1/10/2021,2,2,63,,108,95
1/11/2021,2,2,54,,101,94
1/12/2021,2,2,56,,107,98
1/13/2021,2,2,54,,103,93
1/14/2021,2,2,49,,110,98
1/15/2021,2,2,52,,102,91
1/16/2021,2,2,63,,103,94
1/17/2021,2,2,65,,108,93
1/18/2021,2,2,51,,103,97
1/19/2021,2,2,42,,102,93
1/20/2021,2,2,54,,101,94
1/21/2021,2,2,49,,105,99
1/22/2021,2,2,56,,107,95
1/23/2021,2,2,66,,109,93
1/24/2021,2,2,58,,105,99
1/25/2021,2,2,48,,105,96
1/26/2021,2,2,53,,104,91
1/27/2021,2,2,57,,108,93
1/28/2021,2,2,48,,106,95
1/29/2021,2,2,57,,108,96
1/30/2021,2,2,64,,110,94
1/31/2021,2,2,76,,110,92
2/1/2021,2,2,45,,104,92
2/2/2021,2,2,65,,102,95
2/3/2021,2,2,72,,107,93
2/4/2021,2,2,59,,102,94
2/5/2021,2,2,77,,106,94
2/6/2021,2,2,76,,108,95
2/7/2021,2,2,70,,107,95
2/8/2021,2,2,55,,105,92
2/9/2021,2,2,57,,101,96
2/10/2021,2,2,60,,106,97
2/11/2021,2,2,65,,104,94
2/12/2021,2,2,62,,110,95
2/13/2021,2,2,63,,108,99
2/14/2021,2,2,72,,101,94
2/15/2021,2,2,50,,110,91
2/16/2021,2,2,74,,106,99
2/17/2021,2,2,58,,104,91
2/18/2021,2,2,71,,110,91
2/19/2021,2,2,64,,108,91
2/20/2021,2,2,81,,105,91
2/21/2021,2,2,65,,109,94
2/22/2021,2,2,43,,109,97
2/23/2021,2,2,49,,108,95
2/24/2021,2,2,55,,103,96
2/25/2021,2,2,55,,105,98
2/26/2021,2,2,78,,108,94
2/27/2021,2,2,69,,110,94
2/28/2021,2,2,56,,109,98
2/29/2021,2,2,42,,104,94
3/1/2021,2,2,77,,108,94
3/2/2021,2,2,79,,101,99
3/3/2021,2,2,85,,103,96
3/4/2021,2,2,68,,110,91
3/5/2021,2,2,89,,106,99
3/6/2021,2,2,106,,101,93
3/7/2021,2,2,49,,106,92
3/8/2021,2,2,86,,105,96
3/9/2021,2,2,61,,104,99
3/10/2021,2,2,73,,109,94
3/11/2021,2,2,75,,110,97
3/12/2021,2,2,89,,105,93
3/13/2021,2,2,87,,103,93
3/14/2021,2,2,58,,102,97
3/15/2021,2,2,59,,101,99
3/16/2021,2,2,61,,108,96
3/17/2021,2,2,72,,102,99
3/18/2021,2,2,86,,101,99
3/19/2021,2,2,96,,107,92
3/20/2021,2,2,78,,106,93
3/21/2021,2,2,72,,102,96
3/22/2021,2,2,66,,101,92
3/23/2021,2,2,56,,103,91
3/24/2021,2,2,73,,109,93
3/25/2021,2,2,82,,105,96
3/26/2021,2,2,92,,109,98
3/27/2021,2,2,71,,102,97
3/28/2021,2,2,52,,108,98
3/29/2021,2,2,69,,101,98
3/30/2021,2,2,59,,105,94
3/31/2021,2,2,68,,104,92
4/1/2021,2,2,92,,102,97
4/2/2021,2,2,106,,108,92
4/3/2021,2,2,88,,102,96
4/4/2021,2,2,76,,103,93
4/5/2021,2,2,75,,101,93
4/6/2021,2,2,76,,101,94
4/7/2021,2,2,88,,101,92
4/8/2021,2,2,85,,105,97
4/9/2021,2,2,104,,101,98
4/10/2021,2,2,98,,110,93
4/11/2021,2,2,62,,104,96
4/12/2021,2,2,81,,104,97
4/13/2021,2,2,73,,105,99
4/14/2021,2,2,83,,108,92
4/15/2021,2,2,87,,109,95
4/16/2021,2,2,117,,107,91
4/17/2021,2,2,105,,108,94
4/18/2021,2,2,77,,107,98
4/19/2021,2,2,79,,101,96
4/20/2021,2,2,61,,107,91
4/21/2021,2,2,74,,107,99
4/22/2021,2,2,99,,102,93
4/23/2021,2,2,105,,108,96
4/24/2021,2,2,114,,109,94
4/25/2021,2,2,68,,105,95
4/26/2021,2,2,82,,110,93
4/27/2021,2,2,90,,107,91
4/28/2021,2,2,75,,102,95
4/29/2021,2,2,86,,103,98
4/30/2021,2,2,86,,101,99
5/1/2021,2,2,87,,103,91
5/2/2021,2,2,72,,103,93
5/3/2021,2,2,90,,110,96
5/4/2021,2,2,86,,107,99
5/5/2021,2,2,98,,101,95
5/6/2021,2,2,100,,105,94
5/7/2021,2,2,100,,104,93
5/8/2021,2,2,107,,102,97
5/9/2021,2,2,76,,101,94
5/10/2021,2,2,108,,107,97
5/11/2021,2,2,71,,104,93
5/12/2021,2,2,89,,109,97
5/13/2021,2,2,111,,107,92
5/14/2021,2,2,104,,105,94
5/15/2021,2,2,103,,105,99
5/16/2021,2,2,73,,108,94
5/17/2021,2,2,76,,106,99
5/18/2021,2,2,84,,109,96
5/19/2021,2,2,82,,105,97
5/20/2021,2,2,99,,104,92
5/21/2021,2,2,93,,109,94
5/22/2021,2,2,110,,102,97
5/23/2021,2,2,69,,106,96
5/24/2021,2,2,89,,103,96
5/25/2021,2,2,62,,102,93
5/26/2021,2,2,89,,107,91
5/27/2021,2,2,100,,108,92
5/28/2021,2,2,93,,109,92
5/29/2021,2,2,139,,110,93
5/30/2021,2,2,78,,109,94
5/31/2021,2,2,91,,102,93
6/1/2021,2,2,105,,109,93
6/2/2021,2,2,83,,109,96
6/3/2021,2,2,104,,103,97
6/4/2021,2,2,109,,105,94
6/5/2021,2,2,124,,106,98
6/6/2021,2,2,59,,108,99
6/7/2021,2,2,95,,109,99
6/8/2021,2,2,83,,105,91
6/9/2021,2,2,85,,103,96
6/10/2021,2,2,106,,109,95
6/11/2021,2,2,96,,102,97
6/12/2021,2,2,131,,107,96
6/13/2021,2,2,68,,103,92
6/14/2021,2,2,91,,110,98
6/15/2021,2,2,97,,107,96
6/16/2021,2,2,95,,108,99
6/17/2021,2,2,115,,103,95
6/18/2021,2,2,108,,108,99
6/19/2021,2,2,124,,103,93
6/20/2021,2,2,71,,109,96
6/21/2021,2,2,86,,102,97
6/22/2021,2,2,100,,102,99
6/23/2021,2,2,106,,102,99
6/24/2021,2,2,120,,103,96
6/25/2021,2,2,98,,108,91
6/26/2021,2,2,123,,105,95
6/27/2021,2,2,71,,108,91
6/28/2021,2,2,85,,110,93
6/29/2021,2,2,79,,110,94
6/30/2021,2,2,92,,101,99
7/1/2021,2,2,108,,110,96
7/2/2021,2,2,106,,107,98
7/3/2021,2,2,138,,108,93
7/4/2021,2,2,72,,103,93
7/5/2021,2,2,92,,101,91
7/6/2021,2,2,88,,104,97
7/7/2021,2,2,102,,110,98
7/8/2021,2,2,106,,103,96
7/9/2021,2,2,91,,109,96
7/10/2021,2,2,134,,106,91
7/11/2021,2,2,80,,107,94
7/12/2021,2,2,104,,106,96
7/13/2021,2,2,106,,106,91
7/14/2021,2,2,106,,105,91
7/15/2021,2,2,105,,103,92
7/16/2021,2,2,111,,104,98
7/17/2021,2,2,113,,105,96
7/18/2021,2,2,77,,105,93
7/19/2021,2,2,86,,107,94
7/20/2021,2,2,102,,102,96
7/21/2021,2,2,86,,106,93
7/22/2021,2,2,127,,101,96
7/23/2021,2,2,107,,101,95
7/24/2021,2,2,115,,108,93
7/25/2021,2,2,89,,102,94
7/26/2021,2,2,92,,109,93
7/27/2021,2,2,74,,101,91
7/28/2021,2,2,103,,108,99
7/29/2021,2,2,109,,106,99
7/30/2021,2,2,105,,105,91
7/31/2021,2,2,119,,109,93
8/1/2021,2,2,69,,109,99
8/2/2021,2,2,93,,104,96
8/3/2021,2,2,91,,102,97
8/4/2021,2,2,118,,105,91
8/5/2021,2,2,87,,101,96
8/6/2021,2,2,136,,103,92
8/7/2021,2,2,118,,104,95
8/8/2021,2,2,80,,103,97
8/9/2021,2,2,92,,105,96
8/10/2021,2,2,81,,110,93
8/11/2021,2,2,81,,106,97
8/12/2021,2,2,111,,109,94
8/13/2021,2,2,97,,103,91
8/14/2021,2,2,116,,106,95
8/15/2021,2,2,86,,103,98
8/16/2021,2,2,87,,101,96
8/17/2021,2,2,72,,101,95
8/18/2021,2,2,93,,110,99
8/19/2021,2,2,109,,103,92
8/20/2021,2,2,97,,109,98
8/21/2021,2,2,110,,103,99
8/22/2021,2,2,72,,101,96
8/23/2021,2,2,94,,101,95
8/24/2021,2,2,85,,106,96
8/25/2021,2,2,97,,105,93
8/26/2021,2,2,79,,101,93
8/27/2021,2,2,100,,109,96
8/28/2021,2,2,125,,109,95
8/29/2021,2,2,82,,108,91
8/30/2021,2,2,82,,104,93
8/31/2021,2,2,81,,109,92
9/1/2021,2,2,97,,102,91
9/2/2021,2,2,96,,109,97
9/3/2021,2,2,116,,107,94
9/4/2021,2,2,115,,109,93
9/5/2021,2,2,79,,103,94
9/6/2021,2,2,86,,109,94
9/7/2021,2,2,74,,102,95
9/8/2021,2,2,87,,110,96
9/9/2021,2,2,90,,110,95
9/10/2021,2,2,93,,101,99
9/11/2021,2,2,106,,105,93
9/12/2021,2,2,69,,106,91
9/13/2021,2,2,66,,101,95
9/14/2021,2,2,88,,106,97
9/15/2021,2,2,83,,105,92
9/16/2021,2,2,84,,101,99
9/17/2021,2,2,89,,104,98
9/18/2021,2,2,104,,108,95
9/19/2021,2,2,89,,110,96
9/20/2021,2,2,79,,105,96
9/21/2021,2,2,84,,106,95
9/22/2021,2,2,74,,103,96
9/23/2021,2,2,101,,110,95
9/24/2021,2,2,107,,110,95
9/25/2021,2,2,90,,105,94
9/26/2021,2,2,88,,102,94
9/27/2021,2,2,78,,101,95
9/28/2021,2,2,79,,105,93
9/29/2021,2,2,76,,107,93
9/30/2021,2,2,93,,110,99
10/1/2021,2,2,88,,109,99
10/2/2021,2,2,97,,106,92
10/3/2021,2,2,53,,110,93
10/4/2021,2,2,69,,103,91
10/5/2021,2,2,76,,108,99
10/6/2021,2,2,103,,101,94
10/7/2021,2,2,97,,105,93
10/8/2021,2,2,88,,110,98
10/9/2021,2,2,93,,102,96
10/10/2021,2,2,69,,107,97
10/11/2021,2,2,64,,107,94
10/12/2021,2,2,78,,102,98
10/13/2021,2,2,77,,104,92
10/14/2021,2,2,91,,108,93
10/15/2021,2,2,79,,108,98
10/16/2021,2,2,118,,107,96
10/17/2021,2,2,81,,108,92
10/18/2021,2,2,87,,106,93
10/19/2021,2,2,87,,107,93
10/20/2021,2,2,69,,107,99
10/21/2021,2,2,88,,102,98
10/22/2021,2,2,82,,102,91
10/23/2021,2,2,93,,105,96
10/24/2021,2,2,77,,108,95
10/25/2021,2,2,88,,101,97
10/26/2021,2,2,96,,109,96
10/27/2021,2,2,81,,103,99
10/28/2021,2,2,86,,105,95
10/29/2021,2,2,91,,107,98
10/30/2021,2,2,96,,109,94
10/31/2021,2,2,66,,102,91
11/1/2021,2,2,82,,105,91
11/2/2021,2,2,79,,103,92
11/3/2021,2,2,81,,109,95
11/4/2021,2,2,78,,104,98
11/5/2021,2,2,94,,101,91
11/6/2021,2,2,104,,108,99
11/7/2021,2,2,80,,108,92
11/8/2021,2,2,71,,106,92
11/9/2021,2,2,96,,108,97
11/10/2021,2,2,84,,110,96
11/11/2021,2,2,86,,108,97
11/12/2021,2,2,86,,102,95
11/13/2021,2,2,96,,105,93
11/14/2021,2,2,74,,102,92
11/15/2021,2,2,89,,109,93
11/16/2021,2,2,76,,109,95
11/17/2021,2,2,85,,110,96
11/18/2021,2,2,88,,101,97
11/19/2021,2,2,118,,102,99
11/20/2021,2,2,104,,109,95
11/21/2021,2,2,65,,102,91
11/22/2021,2,2,91,,107,91
11/23/2021,2,2,66,,110,93
11/24/2021,2,2,85,,103,95
11/25/2021,2,2,105,,102,98
11/26/2021,2,2,75,,102,96
11/27/2021,2,2,80,,106,95
11/28/2021,2,2,72,,109,99
11/29/2021,2,2,86,,106,98
11/30/2021,2,2,82,,110,97
12/1/2021,2,2,65,,107,99
12/2/2021,2,2,62,,102,91
12/3/2021,2,2,64,,109,94
12/4/2021,2,2,78,,105,97
12/5/2021,2,2,44,,102,97
12/6/2021,2,2,49,,101,99
12/7/2021,2,2,60,,105,99
12/8/2021,2,2,64,,108,95
12/9/2021,2,2,61,,107,94
12/10/2021,2,2,73,,107,98
12/11/2021,2,2,77,,108,95
12/12/2021,2,2,51,,103,98
12/13/2021,2,2,52,,105,94
12/14/2021,2,2,59,,109,98
12/15/2021,2,2,71,,105,98
12/16/2021,2,2,54,,104,92
12/17/2021,2,2,59,,105,97
12/18/2021,2,2,67,,101,94
12/19/2021,2,2,38,,108,93
12/20/2021,2,2,51,,106,96
12/21/2021,2,2,51,,109,94
12/22/2021,2,2,72,,107,93
12/23/2021,2,2,65,,101,99
12/24/2021,2,2,55,,107,92
12/25/2021,2,2,69,,108,96
12/26/2021,2,2,47,,104,91
12/27/2021,2,2,62,,110,95
12/28/2021,2,2,41,,106,96
12/29/2021,2,2,63,,107,95
12/30/2021,2,2,50,,109,98
12/31/2021,2,2,63,,105,99
1/1/2022,2,2,65,,109,94
1/2/2022,2,2,45,,110,95
1/3/2022,2,2,50,,105,91
1/4/2022,2,2,38,,104,96
1/5/2022,2,2,72,,109,93
1/6/2022,2,2,49,,109,99
1/7/2022,2,2,64,,109,97
1/8/2022,2,2,67,,102,96
1/9/2022,2,2,52,,108,95
1/10/2022,2,2,64,,101,93
1/11/2022,2,2,48,,108,96
1/12/2022,2,2,55,,101,97
1/13/2022,2,2,66,,107,98
1/14/2022,2,2,51,,105,95
1/15/2022,2,2,81,,104,92
1/16/2022,2,2,49,,107,91
1/17/2022,2,2,47,,110,97
1/18/2022,2,2,57,,101,96
1/19/2022,2,2,60,,101,94
1/20/2022,2,2,63,,102,95
1/21/2022,2,2,63,,107,93
1/22/2022,2,2,65,,109,99
1/23/2022,2,2,46,,102,97
1/24/2022,2,2,50,,102,92
1/25/2022,2,2,48,,109,97
1/26/2022,2,2,54,,102,93
1/27/2022,2,2,51,,108,97
1/28/2022,2,2,57,,102,93
1/29/2022,2,2,55,,108,96
1/30/2022,2,2,46,,103,95
1/31/2022,2,2,55,,103,93
2/1/2022,2,2,41,,104,96
2/2/2022,2,2,76,,107,95
2/3/2022,2,2,75,,110,95
2/4/2022,2,2,56,,106,96
2/5/2022,2,2,76,,103,91
2/6/2022,2,2,51,,107,93
2/7/2022,2,2,71,,101,94
2/8/2022,2,2,60,,104,95
2/9/2022,2,2,62,,105,97
2/10/2022,2,2,68,,102,91
2/11/2022,2,2,76,,106,93
2/12/2022,2,2,79,,108,93
2/13/2022,2,2,49,,107,96
2/14/2022,2,2,57,,109,97
2/15/2022,2,2,44,,108,94
2/16/2022,2,2,72,,102,93
2/17/2022,2,2,72,,101,95
2/18/2022,2,2,71,,109,97
2/19/2022,2,2,86,,107,97
2/20/2022,2,2,47,,102,96
2/21/2022,2,2,57,,108,94
2/22/2022,2,2,66,,101,93
2/23/2022,2,2,71,,101,93
2/24/2022,2,2,60,,105,97
2/25/2022,2,2,77,,102,92
2/26/2022,2,2,85,,107,93
2/27/2022,2,2,49,,106,93
2/28/2022,2,2,47,,101,93
3/1/2022,2,2,70,,109,93
3/2/2022,2,2,94,,107,98
3/3/2022,2,2,73,,102,92
3/4/2022,2,2,83,,104,99
3/5/2022,2,2,90,,101,91
3/6/2022,2,2,63,,108,92
3/7/2022,2,2,64,,105,98
3/8/2022,2,2,93,,110,91
3/9/2022,2,2,83,,110,92
3/10/2022,2,2,65,,108,92
3/11/2022,2,2,87,,110,96
3/12/2022,2,2,101,,101,92
3/13/2022,2,2,63,,108,99
3/14/2022,2,2,76,,102,99
3/15/2022,2,2,76,,107,94
3/16/2022,2,2,64,,107,96
3/17/2022,2,2,73,,107,99
3/18/2022,2,2,79,,108,95
3/19/2022,2,2,96,,109,96
3/20/2022,2,2,55,,110,99
3/21/2022,2,2,69,,108,96
3/22/2022,2,2,81,,110,97
3/23/2022,2,2,72,,108,95
3/24/2022,2,2,78,,109,93
3/25/2022,2,2,83,,107,91
3/26/2022,2,2,81,,101,92
3/27/2022,2,2,57,,101,93
3/28/2022,2,2,75,,105,96
3/29/2022,2,2,65,,102,95
3/30/2022,2,2,94,,110,92
3/31/2022,2,2,76,,108,95
4/1/2022,2,2,97,,107,97
4/2/2022,2,2,109,,110,98
4/3/2022,2,2,62,,108,94
4/4/2022,2,2,94,,104,97
4/5/2022,2,2,72,,109,99
4/6/2022,2,2,71,,107,92
4/7/2022,2,2,104,,106,92
4/8/2022,2,2,112,,106,97
4/9/2022,2,2,121,,103,92
4/10/2022,2,2,74,,106,91
4/11/2022,2,2,76,,107,92
4/12/2022,2,2,90,,106,91
4/13/2022,2,2,75,,110,96
4/14/2022,2,2,122,,108,96
4/15/2022,2,2,98,,109,92
4/16/2022,2,2,117,,102,97
4/17/2022,2,2,70,,107,96
4/18/2022,2,2,63,,106,95
4/19/2022,2,2,91,,106,95
4/20/2022,2,2,95,,106,97
4/21/2022,2,2,92,,109,92
4/22/2022,2,2,82,,103,99
4/23/2022,2,2,103,,104,92
4/24/2022,2,2,68,,105,93
4/25/2022,2,2,84,,105,99
4/26/2022,2,2,64,,108,95
4/27/2022,2,2,88,,108,98
4/28/2022,2,2,103,,105,97
4/29/2022,2,2,86,,101,94
4/30/2022,2,2,109,,107,99
5/1/2022,2,2,75,,104,93
5/2/2022,2,2,97,,104,98
5/3/2022,2,2,79,,103,99
5/4/2022,2,2,92,,102,99
5/5/2022,2,2,96,,101,98
5/6/2022,2,2,115,,109,97
5/7/2022,2,2,115,,109,95
5/8/2022,2,2,85,,105,97
5/9/2022,2,2,87,,105,96
5/10/2022,2,2,98,,110,96
5/11/2022,2,2,81,,109,96
5/12/2022,2,2,79,,108,96
5/13/2022,2,2,99,,109,94
5/14/2022,2,2,96,,109,96
5/15/2022,2,2,78,,107,95
5/16/2022,2,2,88,,102,98
5/17/2022,2,2,95,,108,98
5/18/2022,2,2,102,,109,96
5/19/2022,2,2,100,,110,98
5/20/2022,2,2,118,,110,99
5/21/2022,2,2,117,,110,91
5/22/2022,2,2,73,,103,92
5/23/2022,2,2,93,,103,92
5/24/2022,2,2,79,,104,93
5/25/2022,2,2,81,,109,96
5/26/2022,2,2,95,,105,98
5/27/2022,2,2,101,,101,96
5/28/2022,2,2,119,,104,92
5/29/2022,2,2,61,,109,91
5/30/2022,2,2,85,,104,95
5/31/2022,2,2,93,,101,99
6/1/2022,2,2,116,,106,92
6/2/2022,2,2,119,,102,98
6/3/2022,2,2,128,,110,92
6/4/2022,2,2,121,,106,92
6/5/2022,2,2,67,,102,95
6/6/2022,2,2,95,,109,94
6/7/2022,2,2,93,,105,93
6/8/2022,2,2,101,,102,99
6/9/2022,2,2,110,,103,96
6/10/2022,2,2,126,,109,96
6/11/2022,2,2,110,,101,96
6/12/2022,2,2,76,,107,93
6/13/2022,2,2,102,,101,97
6/14/2022,2,2,84,,105,99
6/15/2022,2,2,105,,103,91
6/16/2022,2,2,111,,103,91
6/17/2022,2,2,150,,108,91
6/18/2022,2,2,118,,106,96
6/19/2022,2,2,73,,107,99
6/20/2022,2,2,89,,109,96
6/21/2022,2,2,103,,108,94
6/22/2022,2,2,98,,108,91
6/23/2022,2,2,90,,109,96
6/24/2022,2,2,123,,102,98
6/25/2022,2,2,116,,102,92
6/26/2022,2,2,75,,103,98
6/27/2022,2,2,104,,107,98
6/28/2022,2,2,100,,101,98
6/29/2022,2,2,98,,102,98
6/30/2022,2,2,100,,108,94
7/1/2022,2,2,131,,105,94
7/2/2022,2,2,129,,108,96
7/3/2022,2,2,83,,106,94
7/4/2022,2,2,105,,106,91
7/5/2022,2,2,100,,103,98
7/6/2022,2,2,121,,109,98
7/7/2022,2,2,117,,106,95
7/8/2022,2,2,115,,110,99
7/9/2022,2,2,135,,101,92
7/10/2022,2,2,84,,102,97
7/11/2022,2,2,109,,105,96
7/12/2022,2,2,91,,110,91
7/13/2022,2,2,88,,104,93
7/14/2022,2,2,131,,103,96
7/15/2022,2,2,137,,101,95
7/16/2022,2,2,135,,109,94
7/17/2022,2,2,71,,108,93
7/18/2022,2,2,79,,104,95
7/19/2022,2,2,109,,109,91
7/20/2022,2,2,118,,106,97
7/21/2022,2,2,117,,110,99
7/22/2022,2,2,104,,110,99
7/23/2022,2,2,137,,105,97
7/24/2022,2,2,68,,108,94
7/25/2022,2,2,99,,110,91
7/26/2022,2,2,99,,110,95
7/27/2022,2,2,108,,104,95
7/28/2022,2,2,135,,108,95
7/29/2022,2,2,103,,105,97
7/30/2022,2,2,118,,108,93
7/31/2022,2,2,86,,110,99
8/1/2022,2,2,99,,103,99
8/2/2022,2,2,82,,106,91
8/3/2022,2,2,89,,106,93
8/4/2022,2,2,97,,107,95
8/5/2022,2,2,87,,106,92
8/6/2022,2,2,123,,106,92
8/7/2022,2,2,71,,107,97
8/8/2022,2,2,89,,106,94
8/9/2022,2,2,88,,105,96
8/10/2022,2,2,97,,102,94
8/11/2022,2,2,115,,107,96
8/12/2022,2,2,102,,108,98
8/13/2022,2,2,105,,105,93
8/14/2022,2,2,63,,103,95
8/15/2022,2,2,86,,108,92
8/16/2022,2,2,89,,101,99
8/17/2022,2,2,92,,108,93
8/18/2022,2,2,88,,108,99
8/19/2022,2,2,126,,107,99
8/20/2022,2,2,104,,105,98
8/21/2022,2,2,73,,110,93
8/22/2022,2,2,73,,106,91
8/23/2022,2,2,86,,102,97
8/24/2022,2,2,105,,104,92
8/25/2022,2,2,108,,103,93
8/26/2022,2,2,90,,108,93
8/27/2022,2,2,106,,105,94
8/28/2022,2,2,78,,103,93
8/29/2022,2,2,106,,102,95
8/30/2022,2,2,80,,108,92
8/31/2022,2,2,97,,102,91
9/1/2022,2,2,89,,105,97
9/2/2022,2,2,102,,107,94
9/3/2022,2,2,120,,109,93
9/4/2022,2,2,52,,103,96
9/5/2022,2,2,79,,107,97
9/6/2022,2,2,91,,103,93
9/7/2022,2,2,86,,110,98
9/8/2022,2,2,98,,107,98
9/9/2022,2,2,107,,102,96
9/10/2022,2,2,86,,103,91
9/11/2022,2,2,62,,104,94
9/12/2022,2,2,94,,102,98
9/13/2022,2,2,88,,104,95
9/14/2022,2,2,92,,110,93
9/15/2022,2,2,71,,104,94
9/16/2022,2,2,93,,106,96
9/17/2022,2,2,124,,106,95
9/18/2022,2,2,76,,109,94
9/19/2022,2,2,82,,110,94
9/20/2022,2,2,84,,103,92
9/21/2022,2,2,97,,105,93
9/22/2022,2,2,88,,102,92
9/23/2022,2,2,100,,109,98
9/24/2022,2,2,132,,108,98
9/25/2022,2,2,75,,108,99
9/26/2022,2,2,80,,102,99
9/27/2022,2,2,85,,108,91
9/28/2022,2,2,88,,105,93
9/29/2022,2,2,96,,104,99
9/30/2022,2,2,96,,107,91
10/1/2022,2,2,124,,110,93
10/2/2022,2,2,68,,104,91
10/3/2022,2,2,82,,104,91
10/4/2022,2,2,79,,108,95
10/5/2022,2,2,79,,103,97
10/6/2022,2,2,68,,109,94
10/7/2022,2,2,73,,107,96
10/8/2022,2,2,96,,106,95
10/9/2022,2,2,67,,101,96
10/10/2022,2,2,81,,101,97
10/11/2022,2,2,76,,104,96
10/12/2022,2,2,59,,105,92
10/13/2022,2,2,87,,109,95
10/14/2022,2,2,86,,108,94
10/15/2022,2,2,111,,104,94
10/16/2022,2,2,66,,102,94
10/17/2022,2,2,73,,104,98
10/18/2022,2,2,88,,101,92
10/19/2022,2,2,78,,107,94
10/20/2022,2,2,101,,104,95
10/21/2022,2,2,90,,105,95
10/22/2022,2,2,103,,103,92
10/23/2022,2,2,76,,107,94
10/24/2022,2,2,77,,110,93
10/25/2022,2,2,69,,109,97
10/26/2022,2,2,85,,103,94
10/27/2022,2,2,82,,109,95
10/28/2022,2,2,97,,105,92
10/29/2022,2,2,100,,103,99
10/30/2022,2,2,58,,103,93
10/31/2022,2,2,72,,107,96
11/1/2022,2,2,84,,107,99
11/2/2022,2,2,93,,103,92
11/3/2022,2,2,78,,109,98
11/4/2022,2,2,100,,110,93
11/5/2022,2,2,103,,102,97
11/6/2022,2,2,82,,104,96
11/7/2022,2,2,86,,105,97
11/8/2022,2,2,75,,108,93
11/9/2022,2,2,92,,101,91
11/10/2022,2,2,86,,109,99
11/11/2022,2,2,99,,105,93
11/12/2022,2,2,105,,104,97
11/13/2022,2,2,56,,102,96
11/14/2022,2,2,80,,103,97
11/15/2022,2,2,92,,106,95
11/16/2022,2,2,83,,108,93
11/17/2022,2,2,88,,109,96
11/18/2022,2,2,104,,108,95
11/19/2022,2,2,103,,108,92
11/20/2022,2,2,67,,104,98
11/21/2022,2,2,89,,103,97
11/22/2022,2,2,86,,103,94
11/23/2022,2,2,97,,107,95
11/24/2022,2,2,95,,102,91
11/25/2022,2,2,87,,106,96
11/26/2022,2,2,109,,105,93
11/27/2022,2,2,68,,105,92
11/28/2022,2,2,74,,109,97
11/29/2022,2,2,79,,107,97
11/30/2022,2,2,94,,101,92
12/1/2022,2,2,83,,107,98
12/2/2022,2,2,65,,110,93
12/3/2022,2,2,60,,103,97
12/4/2022,2,2,50,,109,91
12/5/2022,2,2,65,,101,99
12/6/2022,2,2,55,,108,92
12/7/2022,2,2,63,,103,94
12/8/2022,2,2,79,,104,97
12/9/2022,2,2,73,,101,91
12/10/2022,2,2,79,,108,99
12/11/2022,2,2,56,,102,93
12/12/2022,2,2,45,,104,96
12/13/2022,2,2,60,,108,92
12/14/2022,2,2,77,,108,92
12/15/2022,2,2,72,,104,95
12/16/2022,2,2,68,,101,98
12/17/2022,2,2,56,,104,92
12/18/2022,2,2,41,,110,97
12/19/2022,2,2,52,,103,92
12/20/2022,2,2,45,,106,94
12/21/2022,2,2,60,,102,92
12/22/2022,2,2,73,,109,98
12/23/2022,2,2,64,,110,98
12/24/2022,2,2,71,,109,97
12/25/2022,2,2,57,,103,96
12/26/2022,2,2,65,,106,97
12/27/2022,2,2,74,,110,98
12/28/2022,2,2,69,,104,92
12/29/2022,2,2,56,,107,95
12/30/2022,2,2,74,,108,93
12/31/2022,2,2,79,,108,93
1/1/2018,3,2,43,,106,93
1/2/2018,3,2,27,,101,93
1/3/2018,3,2,38,,109,94
1/4/2018,3,2,35,,110,99
1/5/2018,3,2,47,,103,99
1/6/2018,3,2,49,,108,99
1/7/2018,3,2,38,,109,97
1/8/2018,3,2,26,,106,94
1/9/2018,3,2,39,,109,91
1/10/2018,3,2,32,,101,93
1/11/2018,3,2,45,,105,93
1/12/2018,3,2,46,,106,98
1/13/2018,3,2,35,,107,97
1/14/2018,3,2,35,,107,96
1/15/2018,3,2,37,,102,93
1/16/2018,3,2,34,,110,99
1/17/2018,3,2,45,,106,98
1/18/2018,3,2,49,,105,94
1/19/2018,3,2,39,,109,99
1/20/2018,3,2,41,,101,91
1/21/2018,3,2,32,,110,92
1/22/2018,3,2,30,,101,98
1/23/2018,3,2,29,,102,96
1/24/2018,3,2,41,,104,92
1/25/2018,3,2,42,,110,98
1/26/2018,3,2,48,,110,98
1/27/2018,3,2,51,,109,99
1/28/2018,3,2,31,,105,92
1/29/2018,3,2,35,,108,91
1/30/2018,3,2,37,,101,93
1/31/2018,3,2,39,,102,94
2/1/2018,3,2,35,,101,96
2/2/2018,3,2,45,,106,96
2/3/2018,3,2,45,,105,98
2/4/2018,3,2,32,,106,95
2/5/2018,3,2,40,,109,97
2/6/2018,3,2,38,,103,91
2/7/2018,3,2,45,,110,91
2/8/2018,3,2,59,,104,93
2/9/2018,3,2,49,,101,91
2/10/2018,3,2,46,,105,97
2/11/2018,3,2,31,,102,91
2/12/2018,3,2,38,,106,96
2/13/2018,3,2,47,,101,93
2/14/2018,3,2,49,,110,94
2/15/2018,3,2,51,,102,96
2/16/2018,3,2,58,,110,95
2/17/2018,3,2,45,,105,95
2/18/2018,3,2,25,,103,91
2/19/2018,3,2,37,,105,99
2/20/2018,3,2,41,,110,94
2/21/2018,3,2,45,,107,95
2/22/2018,3,2,48,,107,93
2/23/2018,3,2,34,,107,94
2/24/2018,3,2,44,,103,98
2/25/2018,3,2,30,,110,98
2/26/2018,3,2,39,,103,94
2/27/2018,3,2,29,,108,94
2/28/2018,3,2,45,,107,99
3/1/2018,3,2,43,,102,97
3/2/2018,3,2,46,,109,98
3/3/2018,3,2,54,,109,94
3/4/2018,3,2,40,,109,94
3/5/2018,3,2,50,,104,95
3/6/2018,3,2,52,,102,96
3/7/2018,3,2,43,,107,99
3/8/2018,3,2,61,,103,91
3/9/2018,3,2,48,,107,99
3/10/2018,3,2,75,,104,95
3/11/2018,3,2,44,,103,97
3/12/2018,3,2,50,,107,98
3/13/2018,3,2,51,,103,91
3/14/2018,3,2,50,,109,98
3/15/2018,3,2,46,,109,94
3/16/2018,3,2,52,,107,97
3/17/2018,3,2,64,,101,95
3/18/2018,3,2,45,,101,92
3/19/2018,3,2,53,,101,94
3/20/2018,3,2,36,,101,96
3/21/2018,3,2,54,,105,92
3/22/2018,3,2,64,,104,98
3/23/2018,3,2,46,,109,93
3/24/2018,3,2,58,,104,98
3/25/2018,3,2,36,,104,96
3/26/2018,3,2,50,,110,96
3/27/2018,3,2,52,,103,94
3/28/2018,3,2,43,,106,95
3/29/2018,3,2,56,,105,98
3/30/2018,3,2,67,,108,99
3/31/2018,3,2,76,,105,96
4/1/2018,3,2,45,,107,97
4/2/2018,3,2,46,,102,93
4/3/2018,3,2,51,,108,96
4/4/2018,3,2,43,,106,91
4/5/2018,3,2,65,,104,95
4/6/2018,3,2,64,,110,98
4/7/2018,3,2,80,,108,98
4/8/2018,3,2,47,,101,95
4/9/2018,3,2,51,,109,94
4/10/2018,3,2,58,,106,99
4/11/2018,3,2,55,,101,99
4/12/2018,3,2,60,,105,98
4/13/2018,3,2,68,,110,92
4/14/2018,3,2,67,,101,94
4/15/2018,3,2,49,,108,94
4/16/2018,3,2,50,,110,91
4/17/2018,3,2,60,,102,93
4/18/2018,3,2,52,,104,94
4/19/2018,3,2,56,,101,91
4/20/2018,3,2,67,,103,91
4/21/2018,3,2,82,,101,93
4/22/2018,3,2,41,,108,99
4/23/2018,3,2,53,,105,92
4/24/2018,3,2,53,,103,92
4/25/2018,3,2,56,,110,94
4/26/2018,3,2,61,,108,92
4/27/2018,3,2,73,,109,98
4/28/2018,3,2,85,,105,91
4/29/2018,3,2,51,,101,99
4/30/2018,3,2,47,,105,92
5/1/2018,3,2,54,,101,94
5/2/2018,3,2,72,,108,92
5/3/2018,3,2,67,,102,98
5/4/2018,3,2,76,,102,99
5/5/2018,3,2,66,,106,96
5/6/2018,3,2,43,,105,99
5/7/2018,3,2,53,,108,95
5/8/2018,3,2,58,,108,94
5/9/2018,3,2,73,,109,97
5/10/2018,3,2,64,,104,99
5/11/2018,3,2,72,,105,91
5/12/2018,3,2,69,,110,91
5/13/2018,3,2,43,,104,95
5/14/2018,3,2,60,,105,94
5/15/2018,3,2,61,,106,94
5/16/2018,3,2,54,,102,95
5/17/2018,3,2,64,,106,95
5/18/2018,3,2,70,,108,97
5/19/2018,3,2,79,,109,95
5/20/2018,3,2,42,,101,95
5/21/2018,3,2,52,,108,96
5/22/2018,3,2,58,,103,93
5/23/2018,3,2,58,,104,95
5/24/2018,3,2,54,,102,94
5/25/2018,3,2,85,,106,95
5/26/2018,3,2,72,,101,98
5/27/2018,3,2,54,,108,98
5/28/2018,3,2,60,,106,95
5/29/2018,3,2,60,,109,96
5/30/2018,3,2,63,,104,95
5/31/2018,3,2,64,,110,97
6/1/2018,3,2,80,,109,99
6/2/2018,3,2,73,,102,96
6/3/2018,3,2,44,,106,97
6/4/2018,3,2,53,,102,95
6/5/2018,3,2,63,,105,93
6/6/2018,3,2,57,,104,99
6/7/2018,3,2,74,,103,91
6/8/2018,3,2,78,,105,93
6/9/2018,3,2,80,,104,99
6/10/2018,3,2,49,,102,97
6/11/2018,3,2,60,,110,91
6/12/2018,3,2,74,,109,94
6/13/2018,3,2,58,,105,94
6/14/2018,3,2,61,,105,96
6/15/2018,3,2,52,,108,97
6/16/2018,3,2,82,,108,98
6/17/2018,3,2,46,,106,94
6/18/2018,3,2,70,,106,95
6/19/2018,3,2,51,,102,98
6/20/2018,3,2,77,,101,93
6/21/2018,3,2,58,,110,94
6/22/2018,3,2,82,,103,97
6/23/2018,3,2,78,,105,93
6/24/2018,3,2,49,,106,93
6/25/2018,3,2,55,,110,92
6/26/2018,3,2,75,,110,98
6/27/2018,3,2,65,,105,91
6/28/2018,3,2,70,,103,96
6/29/2018,3,2,71,,102,98
6/30/2018,3,2,84,,103,98
7/1/2018,3,2,63,,107,91
7/2/2018,3,2,64,,106,95
7/3/2018,3,2,66,,108,95
7/4/2018,3,2,73,,103,92
7/5/2018,3,2,66,,107,94
7/6/2018,3,2,94,,108,95
7/7/2018,3,2,88,,101,94
7/8/2018,3,2,57,,102,96
7/9/2018,3,2,63,,101,99
7/10/2018,3,2,62,,106,96
7/11/2018,3,2,74,,110,92
7/12/2018,3,2,86,,110,92
7/13/2018,3,2,88,,104,95
7/14/2018,3,2,90,,110,95
7/15/2018,3,2,58,,102,92
7/16/2018,3,2,64,,101,95
7/17/2018,3,2,59,,106,92
7/18/2018,3,2,77,,108,97
7/19/2018,3,2,59,,106,94
7/20/2018,3,2,98,,110,96
7/21/2018,3,2,86,,106,95
7/22/2018,3,2,57,,104,96
7/23/2018,3,2,73,,101,98
7/24/2018,3,2,56,,106,99
7/25/2018,3,2,75,,101,96
7/26/2018,3,2,80,,107,94
7/27/2018,3,2,67,,106,99
7/28/2018,3,2,89,,107,97
7/29/2018,3,2,55,,103,98
7/30/2018,3,2,63,,107,94
7/31/2018,3,2,72,,106,97
8/1/2018,3,2,60,,101,94
8/2/2018,3,2,73,,103,99
8/3/2018,3,2,74,,110,94
8/4/2018,3,2,84,,110,91
8/5/2018,3,2,41,,103,96
8/6/2018,3,2,59,,103,95
8/7/2018,3,2,39,,101,94
8/8/2018,3,2,70,,103,96
8/9/2018,3,2,63,,101,93
8/10/2018,3,2,82,,101,96
8/11/2018,3,2,75,,106,95
8/12/2018,3,2,53,,106,96
8/13/2018,3,2,43,,104,95
8/14/2018,3,2,58,,108,91
8/15/2018,3,2,55,,101,98
8/16/2018,3,2,56,,109,99
8/17/2018,3,2,90,,108,94
8/18/2018,3,2,78,,103,95
8/19/2018,3,2,60,,106,91
8/20/2018,3,2,63,,106,99
8/21/2018,3,2,44,,109,93
8/22/2018,3,2,55,,104,92
8/23/2018,3,2,92,,104,97
8/24/2018,3,2,71,,105,93
8/25/2018,3,2,72,,108,97
8/26/2018,3,2,60,,109,98
8/27/2018,3,2,45,,110,95
8/28/2018,3,2,61,,110,94
8/29/2018,3,2,61,,105,95
8/30/2018,3,2,63,,101,99
8/31/2018,3,2,79,,104,94
9/1/2018,3,2,61,,102,98
9/2/2018,3,2,48,,104,91
9/3/2018,3,2,45,,107,91
9/4/2018,3,2,53,,101,98
9/5/2018,3,2,54,,101,99
9/6/2018,3,2,59,,105,94
9/7/2018,3,2,57,,103,93
9/8/2018,3,2,65,,103,91
9/9/2018,3,2,35,,105,94
9/10/2018,3,2,53,,104,95
9/11/2018,3,2,59,,110,91
9/12/2018,3,2,65,,106,92
9/13/2018,3,2,60,,106,93
9/14/2018,3,2,59,,105,98
9/15/2018,3,2,61,,104,93
9/16/2018,3,2,47,,102,97
9/17/2018,3,2,50,,108,94
9/18/2018,3,2,56,,110,97
9/19/2018,3,2,52,,107,95
9/20/2018,3,2,72,,107,94
9/21/2018,3,2,64,,107,94
9/22/2018,3,2,80,,103,99
9/23/2018,3,2,51,,110,96
9/24/2018,3,2,60,,104,98
9/25/2018,3,2,58,,105,94
9/26/2018,3,2,56,,102,98
9/27/2018,3,2,55,,104,95
9/28/2018,3,2,50,,109,95
9/29/2018,3,2,79,,102,94
9/30/2018,3,2,40,,104,93
10/1/2018,3,2,53,,110,93
10/2/2018,3,2,61,,107,97
10/3/2018,3,2,53,,104,92
10/4/2018,3,2,69,,101,96
10/5/2018,3,2,61,,103,96
10/6/2018,3,2,59,,105,97
10/7/2018,3,2,41,,104,98
10/8/2018,3,2,43,,109,97
10/9/2018,3,2,41,,108,92
10/10/2018,3,2,56,,104,95
10/11/2018,3,2,67,,107,96
10/12/2018,3,2,58,,104,93
10/13/2018,3,2,60,,108,98
10/14/2018,3,2,33,,105,98
10/15/2018,3,2,46,,105,98
10/16/2018,3,2,42,,109,91
10/17/2018,3,2,41,,103,93
10/18/2018,3,2,58,,107,99
10/19/2018,3,2,56,,101,97
10/20/2018,3,2,45,,108,93
10/21/2018,3,2,38,,103,99
10/22/2018,3,2,50,,101,93
10/23/2018,3,2,57,,103,99
10/24/2018,3,2,49,,109,97
10/25/2018,3,2,71,,103,95
10/26/2018,3,2,69,,105,93
10/27/2018,3,2,67,,105,92
10/28/2018,3,2,45,,104,95
10/29/2018,3,2,50,,104,95
10/30/2018,3,2,41,,102,98
10/31/2018,3,2,56,,103,94
11/1/2018,3,2,67,,109,95
11/2/2018,3,2,83,,104,91
11/3/2018,3,2,55,,103,98
11/4/2018,3,2,54,,102,92
11/5/2018,3,2,52,,108,95
11/6/2018,3,2,57,,103,98
11/7/2018,3,2,56,,102,98
11/8/2018,3,2,66,,110,93
11/9/2018,3,2,55,,107,92
11/10/2018,3,2,65,,108,98
11/11/2018,3,2,47,,105,91
11/12/2018,3,2,54,,102,95
11/13/2018,3,2,54,,106,94
11/14/2018,3,2,71,,105,99
11/15/2018,3,2,55,,108,95
11/16/2018,3,2,63,,104,99
11/17/2018,3,2,63,,103,94
11/18/2018,3,2,59,,109,97
11/19/2018,3,2,50,,110,97
11/20/2018,3,2,59,,108,91
11/21/2018,3,2,67,,108,95
11/22/2018,3,2,58,,107,96
11/23/2018,3,2,58,,101,92
11/24/2018,3,2,70,,101,98
11/25/2018,3,2,43,,107,98
11/26/2018,3,2,66,,107,91
11/27/2018,3,2,60,,103,92
11/28/2018,3,2,61,,103,94
11/29/2018,3,2,54,,109,98
11/30/2018,3,2,65,,104,93
12/1/2018,3,2,43,,106,99
12/2/2018,3,2,30,,106,98
12/3/2018,3,2,39,,107,99
12/4/2018,3,2,37,,102,91
12/5/2018,3,2,50,,107,95
12/6/2018,3,2,51,,105,92
12/7/2018,3,2,51,,105,99
12/8/2018,3,2,61,,102,93
12/9/2018,3,2,29,,104,91
12/10/2018,3,2,47,,106,99
12/11/2018,3,2,41,,107,98
12/12/2018,3,2,35,,107,92
12/13/2018,3,2,40,,107,96
12/14/2018,3,2,56,,101,94
12/15/2018,3,2,38,,103,96
12/16/2018,3,2,39,,104,98
12/17/2018,3,2,22,,107,91
12/18/2018,3,2,38,,110,98
12/19/2018,3,2,35,,108,95
12/20/2018,3,2,45,,104,92
12/21/2018,3,2,54,,105,99
12/22/2018,3,2,48,,101,98
12/23/2018,3,2,19,,110,95
12/24/2018,3,2,45,,110,96
12/25/2018,3,2,32,,104,99
12/26/2018,3,2,44,,104,98
12/27/2018,3,2,48,,106,94
12/28/2018,3,2,43,,107,96
12/29/2018,3,2,52,,103,99
12/30/2018,3,2,37,,101,95
12/31/2018,3,2,38,,105,96
1/1/2019,3,2,54,,109,98
1/2/2019,3,2,53,,106,98
1/3/2019,3,2,46,,105,92
1/4/2019,3,2,51,,110,95
1/5/2019,3,2,57,,110,93
1/6/2019,3,2,37,,104,94
1/7/2019,3,2,43,,103,97
1/8/2019,3,2,44,,103,99
1/9/2019,3,2,42,,109,92
1/10/2019,3,2,42,,101,92
1/11/2019,3,2,43,,102,94
1/12/2019,3,2,40,,103,98
1/13/2019,3,2,38,,102,91
1/14/2019,3,2,34,,104,99
1/15/2019,3,2,40,,108,93
1/16/2019,3,2,35,,102,94
1/17/2019,3,2,48,,101,97
1/18/2019,3,2,50,,106,96
1/19/2019,3,2,46,,102,98
1/20/2019,3,2,35,,109,98
1/21/2019,3,2,34,,104,99
1/22/2019,3,2,35,,108,93
1/23/2019,3,2,43,,106,91
1/24/2019,3,2,49,,101,91
1/25/2019,3,2,45,,102,91
1/26/2019,3,2,51,,102,91
1/27/2019,3,2,33,,103,91
1/28/2019,3,2,40,,105,92
1/29/2019,3,2,38,,102,93
1/30/2019,3,2,44,,108,92
1/31/2019,3,2,49,,109,93
2/1/2019,3,2,50,,101,96
2/2/2019,3,2,64,,103,96
2/3/2019,3,2,41,,101,97
2/4/2019,3,2,49,,109,93
2/5/2019,3,2,49,,109,97
2/6/2019,3,2,54,,109,99
2/7/2019,3,2,51,,105,92
2/8/2019,3,2,57,,101,96
2/9/2019,3,2,57,,105,98
2/10/2019,3,2,36,,104,94
2/11/2019,3,2,45,,105,95
2/12/2019,3,2,45,,101,93
2/13/2019,3,2,56,,104,96
2/14/2019,3,2,53,,110,94
2/15/2019,3,2,63,,108,98
2/16/2019,3,2,67,,103,97
2/17/2019,3,2,41,,107,95
2/18/2019,3,2,51,,109,91
2/19/2019,3,2,38,,102,93
2/20/2019,3,2,48,,108,99
2/21/2019,3,2,45,,104,95
2/22/2019,3,2,48,,108,91
2/23/2019,3,2,49,,105,94
2/24/2019,3,2,34,,106,94
2/25/2019,3,2,42,,109,93
2/26/2019,3,2,45,,105,97
2/27/2019,3,2,51,,104,94
2/28/2019,3,2,71,,110,96
3/1/2019,3,2,41,,106,91
3/2/2019,3,2,67,,101,92
3/3/2019,3,2,40,,101,93
3/4/2019,3,2,50,,103,91
3/5/2019,3,2,58,,105,98
3/6/2019,3,2,58,,107,92
3/7/2019,3,2,55,,105,99
3/8/2019,3,2,74,,107,99
3/9/2019,3,2,66,,108,95
3/10/2019,3,2,56,,105,91
3/11/2019,3,2,44,,110,95
3/12/2019,3,2,59,,103,91
3/13/2019,3,2,53,,109,91
3/14/2019,3,2,71,,102,93
3/15/2019,3,2,69,,102,95
3/16/2019,3,2,66,,102,91
3/17/2019,3,2,51,,103,99
3/18/2019,3,2,62,,109,97
3/19/2019,3,2,61,,108,93
3/20/2019,3,2,54,,102,97
3/21/2019,3,2,68,,104,92
3/22/2019,3,2,80,,108,98
3/23/2019,3,2,59,,110,91
3/24/2019,3,2,46,,104,98
3/25/2019,3,2,58,,105,98
3/26/2019,3,2,76,,103,98
3/27/2019,3,2,60,,102,94
3/28/2019,3,2,72,,107,96
3/29/2019,3,2,64,,107,96
3/30/2019,3,2,68,,107,92
3/31/2019,3,2,45,,109,91
4/1/2019,3,2,54,,102,97
4/2/2019,3,2,62,,104,95
4/3/2019,3,2,81,,107,94
4/4/2019,3,2,68,,106,96
4/5/2019,3,2,83,,110,95
4/6/2019,3,2,83,,103,94
4/7/2019,3,2,48,,101,96
4/8/2019,3,2,64,,110,95
4/9/2019,3,2,68,,103,99
4/10/2019,3,2,68,,107,92
4/11/2019,3,2,85,,108,97
4/12/2019,3,2,80,,105,99
4/13/2019,3,2,81,,106,98
4/14/2019,3,2,57,,103,98
4/15/2019,3,2,68,,102,93
4/16/2019,3,2,63,,107,92
4/17/2019,3,2,74,,101,96
4/18/2019,3,2,69,,102,91
4/19/2019,3,2,88,,102,91
4/20/2019,3,2,94,,110,97
4/21/2019,3,2,65,,106,98
4/22/2019,3,2,62,,105,92
4/23/2019,3,2,74,,108,91
4/24/2019,3,2,69,,103,91
4/25/2019,3,2,64,,110,97
4/26/2019,3,2,76,,104,93
4/27/2019,3,2,86,,101,99
4/28/2019,3,2,41,,105,98
4/29/2019,3,2,52,,110,93
4/30/2019,3,2,58,,103,91
5/1/2019,3,2,79,,102,98
5/2/2019,3,2,86,,106,92
5/3/2019,3,2,74,,106,94
5/4/2019,3,2,102,,101,96
5/5/2019,3,2,62,,103,98
5/6/2019,3,2,61,,101,99
5/7/2019,3,2,55,,110,99
5/8/2019,3,2,73,,106,94
5/9/2019,3,2,73,,105,94
5/10/2019,3,2,76,,102,98
5/11/2019,3,2,86,,106,93
5/12/2019,3,2,47,,101,99
5/13/2019,3,2,68,,104,95
5/14/2019,3,2,62,,106,94
5/15/2019,3,2,69,,110,91
5/16/2019,3,2,73,,108,92
5/17/2019,3,2,78,,109,93
5/18/2019,3,2,86,,101,98
5/19/2019,3,2,59,,103,98
5/20/2019,3,2,67,,103,96
5/21/2019,3,2,65,,103,98
5/22/2019,3,2,63,,101,91
5/23/2019,3,2,68,,110,91
5/24/2019,3,2,74,,102,91
5/25/2019,3,2,80,,108,95
5/26/2019,3,2,47,,108,91
5/27/2019,3,2,70,,110,95
5/28/2019,3,2,58,,107,92
5/29/2019,3,2,64,,103,99
5/30/2019,3,2,73,,105,95
5/31/2019,3,2,86,,107,98
6/1/2019,3,2,88,,105,91
6/2/2019,3,2,69,,103,92
6/3/2019,3,2,73,,108,99
6/4/2019,3,2,71,,101,96
6/5/2019,3,2,83,,108,91
6/6/2019,3,2,78,,101,92
6/7/2019,3,2,84,,108,99
6/8/2019,3,2,110,,109,91
6/9/2019,3,2,69,,104,93
6/10/2019,3,2,79,,101,98
6/11/2019,3,2,61,,104,98
6/12/2019,3,2,78,,109,94
6/13/2019,3,2,86,,105,95
6/14/2019,3,2,75,,101,93
6/15/2019,3,2,71,,106,99
6/16/2019,3,2,49,,106,97
6/17/2019,3,2,62,,103,98
6/18/2019,3,2,84,,105,92
6/19/2019,3,2,83,,107,92
6/20/2019,3,2,80,,108,95
6/21/2019,3,2,88,,110,96
6/22/2019,3,2,88,,105,99
6/23/2019,3,2,59,,104,94
6/24/2019,3,2,83,,103,96
6/25/2019,3,2,74,,108,97
6/26/2019,3,2,72,,109,99
6/27/2019,3,2,99,,103,97
6/28/2019,3,2,82,,102,94
6/29/2019,3,2,106,,110,91
6/30/2019,3,2,53,,110,99
7/1/2019,3,2,88,,108,97
7/2/2019,3,2,68,,110,93
7/3/2019,3,2,87,,110,95
7/4/2019,3,2,100,,109,94
7/5/2019,3,2,90,,108,97
7/6/2019,3,2,105,,105,92
7/7/2019,3,2,80,,110,96
7/8/2019,3,2,73,,108,94
7/9/2019,3,2,73,,104,94
7/10/2019,3,2,97,,110,96
7/11/2019,3,2,88,,102,94
7/12/2019,3,2,91,,101,92
7/13/2019,3,2,90,,110,95
7/14/2019,3,2,61,,101,91
7/15/2019,3,2,58,,105,99
7/16/2019,3,2,63,,106,98
7/17/2019,3,2,67,,107,93
7/18/2019,3,2,104,,107,98
7/19/2019,3,2,85,,109,97
7/20/2019,3,2,87,,109,96
7/21/2019,3,2,60,,106,97
7/22/2019,3,2,76,,103,99
7/23/2019,3,2,88,,101,92
7/24/2019,3,2,96,,102,94
7/25/2019,3,2,93,,102,93
7/26/2019,3,2,93,,104,96
7/27/2019,3,2,97,,110,98
7/28/2019,3,2,72,,108,96
7/29/2019,3,2,68,,108,99
7/30/2019,3,2,69,,104,96
7/31/2019,3,2,104,,105,96
8/1/2019,3,2,63,,101,98
8/2/2019,3,2,87,,103,96
8/3/2019,3,2,84,,103,98
8/4/2019,3,2,62,,106,95
8/5/2019,3,2,69,,109,95
8/6/2019,3,2,56,,102,97
8/7/2019,3,2,62,,108,98
8/8/2019,3,2,82,,104,97
8/9/2019,3,2,87,,105,99
8/10/2019,3,2,90,,105,92
8/11/2019,3,2,57,,101,93
8/12/2019,3,2,65,,103,96
8/13/2019,3,2,73,,102,95
8/14/2019,3,2,65,,104,96
8/15/2019,3,2,72,,102,97
8/16/2019,3,2,65,,108,95
8/17/2019,3,2,79,,101,91
8/18/2019,3,2,65,,109,97
8/19/2019,3,2,57,,105,96
8/20/2019,3,2,58,,107,93
8/21/2019,3,2,82,,107,93
8/22/2019,3,2,82,,109,93
8/23/2019,3,2,75,,105,96
8/24/2019,3,2,97,,101,97
8/25/2019,3,2,50,,104,92
8/26/2019,3,2,70,,110,94
8/27/2019,3,2,51,,108,98
8/28/2019,3,2,69,,103,92
8/29/2019,3,2,72,,110,98
8/30/2019,3,2,79,,107,92
8/31/2019,3,2,95,,103,98
9/1/2019,3,2,57,,109,92
9/2/2019,3,2,62,,109,96
9/3/2019,3,2,58,,101,96
9/4/2019,3,2,59,,108,95
9/5/2019,3,2,71,,104,96
9/6/2019,3,2,73,,106,99
9/7/2019,3,2,97,,108,98
9/8/2019,3,2,66,,105,92
9/9/2019,3,2,64,,108,91
9/10/2019,3,2,70,,109,93
9/11/2019,3,2,67,,109,91
9/12/2019,3,2,75,,108,98
9/13/2019,3,2,69,,108,93
9/14/2019,3,2,79,,107,92
9/15/2019,3,2,66,,106,92
9/16/2019,3,2,73,,105,95
9/17/2019,3,2,72,,105,97
9/18/2019,3,2,64,,102,93
9/19/2019,3,2,90,,101,97
9/20/2019,3,2,75,,107,95
9/21/2019,3,2,84,,101,94
9/22/2019,3,2,40,,110,94
9/23/2019,3,2,72,,104,97
9/24/2019,3,2,82,,101,93
9/25/2019,3,2,73,,110,99
9/26/2019,3,2,67,,109,98
9/27/2019,3,2,52,,104,98
9/28/2019,3,2,71,,105,92
9/29/2019,3,2,46,,106,93
9/30/2019,3,2,59,,108,94
10/1/2019,3,2,59,,107,92
10/2/2019,3,2,60,,103,95
10/3/2019,3,2,64,,104,91
10/4/2019,3,2,66,,103,99
10/5/2019,3,2,65,,106,93
10/6/2019,3,2,52,,106,95
10/7/2019,3,2,37,,101,91
10/8/2019,3,2,56,,102,93
10/9/2019,3,2,57,,103,97
10/10/2019,3,2,56,,101,92
10/11/2019,3,2,80,,102,92
10/12/2019,3,2,85,,102,97
10/13/2019,3,2,56,,105,98
10/14/2019,3,2,62,,110,97
10/15/2019,3,2,62,,106,94
10/16/2019,3,2,60,,104,95
10/17/2019,3,2,79,,109,93
10/18/2019,3,2,72,,103,92
10/19/2019,3,2,62,,101,97
10/20/2019,3,2,53,,110,98
10/21/2019,3,2,68,,105,92
10/22/2019,3,2,72,,101,98
10/23/2019,3,2,57,,102,94
10/24/2019,3,2,59,,101,96
10/25/2019,3,2,70,,103,93
10/26/2019,3,2,63,,101,91
10/27/2019,3,2,39,,105,97
10/28/2019,3,2,57,,104,93
10/29/2019,3,2,59,,103,96
10/30/2019,3,2,61,,107,96
10/31/2019,3,2,78,,106,92
11/1/2019,3,2,64,,107,96
11/2/2019,3,2,88,,106,93
11/3/2019,3,2,59,,105,93
11/4/2019,3,2,65,,102,99
11/5/2019,3,2,59,,107,96
11/6/2019,3,2,60,,108,99
11/7/2019,3,2,69,,103,93
11/8/2019,3,2,83,,107,95
11/9/2019,3,2,85,,101,99
11/10/2019,3,2,48,,103,92
11/11/2019,3,2,64,,108,95
11/12/2019,3,2,61,,102,98
11/13/2019,3,2,70,,105,99
11/14/2019,3,2,77,,106,97
11/15/2019,3,2,81,,107,93
11/16/2019,3,2,79,,103,94
11/17/2019,3,2,51,,108,98
11/18/2019,3,2,67,,101,94
11/19/2019,3,2,57,,101,92
11/20/2019,3,2,66,,107,99
11/21/2019,3,2,67,,101,98
11/22/2019,3,2,66,,105,91
11/23/2019,3,2,87,,109,97
11/24/2019,3,2,57,,105,94
11/25/2019,3,2,51,,106,97
11/26/2019,3,2,61,,102,98
11/27/2019,3,2,64,,101,98
11/28/2019,3,2,72,,103,98
11/29/2019,3,2,64,,103,92
11/30/2019,3,2,76,,103,94
12/1/2019,3,2,48,,109,97
12/2/2019,3,2,45,,109,93
12/3/2019,3,2,35,,103,91
12/4/2019,3,2,48,,110,99
12/5/2019,3,2,59,,110,91
12/6/2019,3,2,50,,104,97
12/7/2019,3,2,47,,106,95
12/8/2019,3,2,45,,101,91
12/9/2019,3,2,45,,109,95
12/10/2019,3,2,52,,110,96
12/11/2019,3,2,54,,107,91
12/12/2019,3,2,46,,104,93
12/13/2019,3,2,52,,104,97
12/14/2019,3,2,49,,107,97
12/15/2019,3,2,36,,105,93
12/16/2019,3,2,41,,102,96
12/17/2019,3,2,42,,104,91
12/18/2019,3,2,56,,103,91
12/19/2019,3,2,63,,106,94
12/20/2019,3,2,55,,105,95
12/21/2019,3,2,61,,109,95
12/22/2019,3,2,35,,103,96
12/23/2019,3,2,46,,103,96
12/24/2019,3,2,32,,109,93
12/25/2019,3,2,53,,106,95
12/26/2019,3,2,60,,107,93
12/27/2019,3,2,53,,104,95
12/28/2019,3,2,49,,107,93
12/29/2019,3,2,42,,101,94
12/30/2019,3,2,52,,103,93
12/31/2019,3,2,49,,108,95
1/1/2020,3,2,45,,104,98
1/2/2020,3,2,38,,105,98
1/3/2020,3,2,41,,108,95
1/4/2020,3,2,59,,104,95
1/5/2020,3,2,31,,106,96
1/6/2020,3,2,57,,104,99
1/7/2020,3,2,38,,109,92
1/8/2020,3,2,43,,107,92
1/9/2020,3,2,43,,102,94
1/10/2020,3,2,55,,102,95
1/11/2020,3,2,47,,109,99
1/12/2020,3,2,30,,104,94
1/13/2020,3,2,40,,105,94
1/14/2020,3,2,41,,106,99
1/15/2020,3,2,45,,104,95
1/16/2020,3,2,40,,101,98
1/17/2020,3,2,41,,107,98
1/18/2020,3,2,62,,104,97
1/19/2020,3,2,46,,107,92
1/20/2020,3,2,42,,107,93
1/21/2020,3,2,29,,102,97
1/22/2020,3,2,48,,105,97
1/23/2020,3,2,59,,107,98
1/24/2020,3,2,53,,110,98
1/25/2020,3,2,51,,103,91
1/26/2020,3,2,39,,109,92
1/27/2020,3,2,49,,104,95
1/28/2020,3,2,36,,104,97
1/29/2020,3,2,51,,102,96
1/30/2020,3,2,52,,110,97
1/31/2020,3,2,43,,101,91
2/1/2020,3,2,64,,106,91
2/2/2020,3,2,35,,103,94
2/3/2020,3,2,66,,103,93
2/4/2020,3,2,61,,106,93
2/5/2020,3,2,49,,105,99
2/6/2020,3,2,45,,108,93
2/7/2020,3,2,57,,109,92
2/8/2020,3,2,67,,101,94
2/9/2020,3,2,39,,110,94
2/10/2020,3,2,55,,110,98
2/11/2020,3,2,46,,105,94
2/12/2020,3,2,44,,109,97
2/13/2020,3,2,61,,104,96
2/14/2020,3,2,57,,109,97
2/15/2020,3,2,66,,109,99
2/16/2020,3,2,39,,110,98
2/17/2020,3,2,54,,107,95
2/18/2020,3,2,40,,108,99
2/19/2020,3,2,37,,109,92
2/20/2020,3,2,59,,104,91
2/21/2020,3,2,62,,104,92
2/22/2020,3,2,56,,110,93
2/23/2020,3,2,31,,109,93
2/24/2020,3,2,51,,110,95
2/25/2020,3,2,42,,107,95
2/26/2020,3,2,30,,101,93
2/27/2020,3,2,41,,105,94
2/28/2020,3,2,45,,109,94
3/1/2020,3,2,86,,107,95
3/2/2020,3,2,44,,105,93
3/3/2020,3,2,51,,101,98
3/4/2020,3,2,49,,101,95
3/5/2020,3,2,56,,103,94
3/6/2020,3,2,72,,102,92
3/7/2020,3,2,75,,102,98
3/8/2020,3,2,74,,108,92
3/9/2020,3,2,44,,102,98
3/10/2020,3,2,54,,104,97
3/11/2020,3,2,61,,106,96
3/12/2020,3,2,50,,109,96
3/13/2020,3,2,65,,109,99
3/14/2020,3,2,58,,106,99
3/15/2020,3,2,65,,109,95
3/16/2020,3,2,51,,106,95
3/17/2020,3,2,61,,110,94
3/18/2020,3,2,49,,105,99
3/19/2020,3,2,63,,104,93
3/20/2020,3,2,65,,103,92
3/21/2020,3,2,55,,102,94
3/22/2020,3,2,67,,108,98
3/23/2020,3,2,54,,101,92
3/24/2020,3,2,67,,108,92
3/25/2020,3,2,52,,103,95
3/26/2020,3,2,70,,103,93
3/27/2020,3,2,54,,102,93
3/28/2020,3,2,85,,110,97
3/29/2020,3,2,49,,107,99
3/30/2020,3,2,42,,103,98
3/31/2020,3,2,50,,102,95
4/1/2020,3,2,68,,108,94
4/2/2020,3,2,67,,105,92
4/3/2020,3,2,70,,110,99
4/4/2020,3,2,71,,104,96
4/5/2020,3,2,68,,104,98
4/6/2020,3,2,41,,102,97
4/7/2020,3,2,69,,105,96
4/8/2020,3,2,43,,106,92
4/9/2020,3,2,62,,102,91
4/10/2020,3,2,77,,105,97
4/11/2020,3,2,93,,101,95
4/12/2020,3,2,82,,104,91
4/13/2020,3,2,61,,110,94
4/14/2020,3,2,60,,105,99
4/15/2020,3,2,53,,103,99
4/16/2020,3,2,65,,107,96
4/17/2020,3,2,78,,109,92
4/18/2020,3,2,71,,108,97
4/19/2020,3,2,90,,109,98
4/20/2020,3,2,48,,101,91
4/21/2020,3,2,67,,109,99
4/22/2020,3,2,71,,103,95
4/23/2020,3,2,59,,108,99
4/24/2020,3,2,70,,101,93
4/25/2020,3,2,78,,106,99
4/26/2020,3,2,83,,108,98
4/27/2020,3,2,59,,104,97
4/28/2020,3,2,64,,102,94
4/29/2020,3,2,64,,105,97
4/30/2020,3,2,54,,107,99
5/1/2020,3,2,87,,107,93
5/2/2020,3,2,70,,110,94
5/3/2020,3,2,75,,105,93
5/4/2020,3,2,64,,106,91
5/5/2020,3,2,74,,102,96
5/6/2020,3,2,62,,106,95
5/7/2020,3,2,80,,102,97
5/8/2020,3,2,86,,101,92
5/9/2020,3,2,74,,105,97
5/10/2020,3,2,109,,107,97
5/11/2020,3,2,53,,103,99
5/12/2020,3,2,95,,110,96
5/13/2020,3,2,78,,109,94
5/14/2020,3,2,84,,106,93
5/15/2020,3,2,71,,106,94
5/16/2020,3,2,84,,106,93
5/17/2020,3,2,86,,110,95
5/18/2020,3,2,58,,108,94
5/19/2020,3,2,74,,102,96
5/20/2020,3,2,96,,101,93
5/21/2020,3,2,78,,101,97
5/22/2020,3,2,76,,107,92
5/23/2020,3,2,85,,107,98
5/24/2020,3,2,95,,105,99
5/25/2020,3,2,54,,104,98
5/26/2020,3,2,82,,101,97
5/27/2020,3,2,64,,101,97
5/28/2020,3,2,73,,106,95
5/29/2020,3,2,75,,104,99
5/30/2020,3,2,72,,108,94
5/31/2020,3,2,75,,106,97
6/1/2020,3,2,56,,105,91
6/2/2020,3,2,86,,108,92
6/3/2020,3,2,72,,103,96
6/4/2020,3,2,88,,106,99
6/5/2020,3,2,78,,108,93
6/6/2020,3,2,116,,107,94
6/7/2020,3,2,95,,106,97
6/8/2020,3,2,62,,110,91
6/9/2020,3,2,78,,106,95
6/10/2020,3,2,78,,109,98
6/11/2020,3,2,98,,109,94
6/12/2020,3,2,87,,110,96
6/13/2020,3,2,109,,107,93
6/14/2020,3,2,104,,106,92
6/15/2020,3,2,66,,110,97
6/16/2020,3,2,68,,102,99
6/17/2020,3,2,65,,101,99
6/18/2020,3,2,62,,101,98
6/19/2020,3,2,84,,108,91
6/20/2020,3,2,87,,103,92
6/21/2020,3,2,96,,103,95
6/22/2020,3,2,59,,103,91
6/23/2020,3,2,78,,110,91
6/24/2020,3,2,76,,107,97
6/25/2020,3,2,82,,104,92
6/26/2020,3,2,96,,101,93
6/27/2020,3,2,83,,104,99
6/28/2020,3,2,87,,109,93
6/29/2020,3,2,71,,106,93
6/30/2020,3,2,78,,102,98
7/1/2020,3,2,67,,102,99
7/2/2020,3,2,100,,107,99
7/3/2020,3,2,93,,108,99
7/4/2020,3,2,91,,103,98
7/5/2020,3,2,110,,104,92
7/6/2020,3,2,79,,107,95
7/7/2020,3,2,82,,109,94
7/8/2020,3,2,82,,105,94
7/9/2020,3,2,77,,107,99
7/10/2020,3,2,109,,109,96
7/11/2020,3,2,107,,102,97
7/12/2020,3,2,88,,104,98
7/13/2020,3,2,54,,104,94
7/14/2020,3,2,77,,107,94
7/15/2020,3,2,69,,106,97
7/16/2020,3,2,95,,105,92
7/17/2020,3,2,97,,104,94
7/18/2020,3,2,94,,110,98
7/19/2020,3,2,98,,109,96
7/20/2020,3,2,67,,108,92
7/21/2020,3,2,85,,103,96
7/22/2020,3,2,70,,109,95
7/23/2020,3,2,91,,110,92
7/24/2020,3,2,102,,103,93
7/25/2020,3,2,104,,107,91
7/26/2020,3,2,96,,107,95
7/27/2020,3,2,66,,109,96
7/28/2020,3,2,82,,106,96
7/29/2020,3,2,85,,101,96
7/30/2020,3,2,94,,106,91
7/31/2020,3,2,85,,105,96
8/1/2020,3,2,79,,109,98
8/2/2020,3,2,95,,101,92
8/3/2020,3,2,75,,106,94
8/4/2020,3,2,79,,105,96
8/5/2020,3,2,50,,109,92
8/6/2020,3,2,74,,104,92
8/7/2020,3,2,62,,104,95
8/8/2020,3,2,88,,102,97
8/9/2020,3,2,80,,103,99
8/10/2020,3,2,63,,102,91
8/11/2020,3,2,55,,110,95
8/12/2020,3,2,82,,104,91
8/13/2020,3,2,84,,108,94
8/14/2020,3,2,59,,107,94
8/15/2020,3,2,92,,103,95
8/16/2020,3,2,84,,109,96
8/17/2020,3,2,64,,109,98
8/18/2020,3,2,86,,102,93
8/19/2020,3,2,78,,109,91
8/20/2020,3,2,80,,102,98
8/21/2020,3,2,74,,103,92
8/22/2020,3,2,94,,108,93
8/23/2020,3,2,88,,105,99
8/24/2020,3,2,55,,104,97
8/25/2020,3,2,57,,103,99
8/26/2020,3,2,66,,109,91
8/27/2020,3,2,77,,106,92
8/28/2020,3,2,73,,108,93
8/29/2020,3,2,77,,106,93
8/30/2020,3,2,111,,101,97
8/31/2020,3,2,75,,102,96
9/1/2020,3,2,73,,107,95
9/2/2020,3,2,63,,109,99
9/3/2020,3,2,88,,104,96
9/4/2020,3,2,67,,102,95
9/5/2020,3,2,92,,107,96
9/6/2020,3,2,79,,102,93
9/7/2020,3,2,58,,106,94
9/8/2020,3,2,72,,108,98
9/9/2020,3,2,61,,101,98
9/10/2020,3,2,75,,105,95
9/11/2020,3,2,85,,108,91
9/12/2020,3,2,82,,103,92
9/13/2020,3,2,98,,105,99
9/14/2020,3,2,53,,107,98
9/15/2020,3,2,73,,106,95
9/16/2020,3,2,59,,105,94
9/17/2020,3,2,76,,103,95
9/18/2020,3,2,72,,107,97
9/19/2020,3,2,74,,109,95
9/20/2020,3,2,70,,108,92
9/21/2020,3,2,54,,105,91
9/22/2020,3,2,78,,106,96
9/23/2020,3,2,59,,101,99
9/24/2020,3,2,80,,108,92
9/25/2020,3,2,71,,103,97
9/26/2020,3,2,85,,106,95
9/27/2020,3,2,81,,110,92
9/28/2020,3,2,72,,108,92
9/29/2020,3,2,59,,107,95
9/30/2020,3,2,64,,104,95
10/1/2020,3,2,65,,102,99
10/2/2020,3,2,80,,105,93
10/3/2020,3,2,74,,101,92
10/4/2020,3,2,76,,102,93
10/5/2020,3,2,58,,108,91
10/6/2020,3,2,66,,106,92
10/7/2020,3,2,58,,105,94
10/8/2020,3,2,65,,102,98
10/9/2020,3,2,61,,110,97
10/10/2020,3,2,72,,108,95
10/11/2020,3,2,83,,104,98
10/12/2020,3,2,60,,106,94
10/13/2020,3,2,62,,105,97
10/14/2020,3,2,66,,107,91
10/15/2020,3,2,61,,103,96
10/16/2020,3,2,76,,103,97
10/17/2020,3,2,81,,108,91
10/18/2020,3,2,74,,109,93
10/19/2020,3,2,56,,102,99
10/20/2020,3,2,69,,102,94
10/21/2020,3,2,68,,110,95
10/22/2020,3,2,75,,105,97
10/23/2020,3,2,74,,110,92
10/24/2020,3,2,69,,110,96
10/25/2020,3,2,73,,108,93
10/26/2020,3,2,28,,102,98
10/27/2020,3,2,52,,104,93
10/28/2020,3,2,63,,108,92
10/29/2020,3,2,65,,110,99
10/30/2020,3,2,86,,107,92
10/31/2020,3,2,62,,101,97
11/1/2020,3,2,81,,106,99
11/2/2020,3,2,57,,108,94
11/3/2020,3,2,59,,110,98
11/4/2020,3,2,61,,108,97
11/5/2020,3,2,67,,106,95
11/6/2020,3,2,75,,104,96
11/7/2020,3,2,90,,110,91
11/8/2020,3,2,85,,109,98
11/9/2020,3,2,63,,108,95
11/10/2020,3,2,56,,106,93
11/11/2020,3,2,75,,105,92
11/12/2020,3,2,83,,105,93
11/13/2020,3,2,85,,110,98
11/14/2020,3,2,82,,103,96
11/15/2020,3,2,72,,110,94
11/16/2020,3,2,55,,103,92
11/17/2020,3,2,62,,110,98
11/18/2020,3,2,47,,110,98
11/19/2020,3,2,67,,106,96
11/20/2020,3,2,69,,109,96
11/21/2020,3,2,88,,108,98
11/22/2020,3,2,79,,101,95
11/23/2020,3,2,54,,105,91
11/24/2020,3,2,67,,110,98
11/25/2020,3,2,77,,102,93
11/26/2020,3,2,59,,104,93
11/27/2020,3,2,64,,105,96
11/28/2020,3,2,86,,108,95
11/29/2020,3,2,99,,109,97
11/30/2020,3,2,43,,109,91
12/1/2020,3,2,45,,108,93
12/2/2020,3,2,49,,108,97
12/3/2020,3,2,49,,101,96
12/4/2020,3,2,45,,109,99
12/5/2020,3,2,70,,102,95
12/6/2020,3,2,63,,109,99
12/7/2020,3,2,43,,109,98
12/8/2020,3,2,43,,109,95
12/9/2020,3,2,46,,110,99
12/10/2020,3,2,50,,102,93
12/11/2020,3,2,53,,105,97
12/12/2020,3,2,47,,106,97
12/13/2020,3,2,59,,102,95
12/14/2020,3,2,31,,107,92
12/15/2020,3,2,48,,104,93
12/16/2020,3,2,44,,105,96
12/17/2020,3,2,55,,104,99
12/18/2020,3,2,48,,102,99
12/19/2020,3,2,65,,105,99
12/20/2020,3,2,59,,103,96
12/21/2020,3,2,36,,108,97
12/22/2020,3,2,36,,101,91
12/23/2020,3,2,52,,106,98
12/24/2020,3,2,41,,101,93
12/25/2020,3,2,53,,108,94
12/26/2020,3,2,64,,102,93
12/27/2020,3,2,51,,109,91
12/28/2020,3,2,44,,102,98
12/29/2020,3,2,53,,107,94
12/30/2020,3,2,47,,104,94
12/31/2020,3,2,39,,102,97
1/1/2021,3,2,51,,109,99
1/2/2021,3,2,51,,106,92
1/3/2021,3,2,69,,108,95
1/4/2021,3,2,24,,109,97
1/5/2021,3,2,44,,101,91
1/6/2021,3,2,44,,108,95
1/7/2021,3,2,60,,103,97
1/8/2021,3,2,39,,110,92
1/9/2021,3,2,47,,109,99
1/10/2021,3,2,67,,101,97
1/11/2021,3,2,40,,109,96
1/12/2021,3,2,49,,108,98
1/13/2021,3,2,44,,105,91
1/14/2021,3,2,53,,104,99
1/15/2021,3,2,55,,104,99
1/16/2021,3,2,46,,105,97
1/17/2021,3,2,53,,102,99
1/18/2021,3,2,41,,105,98
1/19/2021,3,2,49,,110,96
1/20/2021,3,2,41,,101,94
1/21/2021,3,2,52,,104,96
1/22/2021,3,2,54,,106,91
1/23/2021,3,2,55,,101,92
1/24/2021,3,2,63,,103,94
1/25/2021,3,2,45,,102,94
1/26/2021,3,2,48,,106,96
1/27/2021,3,2,45,,104,91
1/28/2021,3,2,40,,106,96
1/29/2021,3,2,42,,101,97
1/30/2021,3,2,48,,110,94
1/31/2021,3,2,61,,101,91
2/1/2021,3,2,39,,105,95
2/2/2021,3,2,42,,108,95
2/3/2021,3,2,38,,101,92
2/4/2021,3,2,52,,109,96
2/5/2021,3,2,56,,101,92
2/6/2021,3,2,63,,101,92
2/7/2021,3,2,60,,106,98
2/8/2021,3,2,37,,108,97
2/9/2021,3,2,51,,105,97
2/10/2021,3,2,63,,101,93
2/11/2021,3,2,50,,108,93
2/12/2021,3,2,50,,104,98
2/13/2021,3,2,74,,103,93
2/14/2021,3,2,67,,104,96
2/15/2021,3,2,62,,106,99
2/16/2021,3,2,45,,107,91
2/17/2021,3,2,41,,107,94
2/18/2021,3,2,50,,107,93
2/19/2021,3,2,68,,108,94
2/20/2021,3,2,53,,106,95
2/21/2021,3,2,65,,101,99
2/22/2021,3,2,50,,109,92
2/23/2021,3,2,56,,103,94
2/24/2021,3,2,48,,101,93
2/25/2021,3,2,61,,107,98
2/26/2021,3,2,37,,101,94
2/27/2021,3,2,70,,106,97
2/28/2021,3,2,65,,109,97
2/29/2021,3,2,54,,104,96
3/1/2021,3,2,53,,106,99
3/2/2021,3,2,43,,105,97
3/3/2021,3,2,73,,110,94
3/4/2021,3,2,55,,110,96
3/5/2021,3,2,68,,103,97
3/6/2021,3,2,84,,107,99
3/7/2021,3,2,52,,105,91
3/8/2021,3,2,54,,107,98
3/9/2021,3,2,66,,103,99
3/10/2021,3,2,68,,101,98
3/11/2021,3,2,63,,106,91
3/12/2021,3,2,77,,109,95
3/13/2021,3,2,72,,105,96
3/14/2021,3,2,53,,104,96
3/15/2021,3,2,79,,104,92
3/16/2021,3,2,67,,108,94
3/17/2021,3,2,65,,110,92
3/18/2021,3,2,98,,109,91
3/19/2021,3,2,85,,105,92
3/20/2021,3,2,105,,110,98
3/21/2021,3,2,40,,101,92
3/22/2021,3,2,61,,102,97
3/23/2021,3,2,75,,106,91
3/24/2021,3,2,62,,104,92
3/25/2021,3,2,62,,104,99
3/26/2021,3,2,70,,102,94
3/27/2021,3,2,71,,105,94
3/28/2021,3,2,60,,103,96
3/29/2021,3,2,67,,104,91
3/30/2021,3,2,48,,101,93
3/31/2021,3,2,66,,105,94
4/1/2021,3,2,53,,101,97
4/2/2021,3,2,72,,103,98
4/3/2021,3,2,81,,104,96
4/4/2021,3,2,55,,101,93
4/5/2021,3,2,70,,107,96
4/6/2021,3,2,73,,104,96
4/7/2021,3,2,79,,109,94
4/8/2021,3,2,77,,108,91
4/9/2021,3,2,94,,102,91
4/10/2021,3,2,104,,108,96
4/11/2021,3,2,70,,102,97
4/12/2021,3,2,81,,108,93
4/13/2021,3,2,66,,101,98
4/14/2021,3,2,87,,110,94
4/15/2021,3,2,87,,105,92
4/16/2021,3,2,70,,107,98
4/17/2021,3,2,83,,103,98
4/18/2021,3,2,63,,102,97
4/19/2021,3,2,87,,105,99
4/20/2021,3,2,80,,102,99
4/21/2021,3,2,77,,102,99
4/22/2021,3,2,89,,102,97
4/23/2021,3,2,88,,109,94
4/24/2021,3,2,82,,104,95
4/25/2021,3,2,55,,107,98
4/26/2021,3,2,73,,103,94
4/27/2021,3,2,78,,107,96
4/28/2021,3,2,78,,102,94
4/29/2021,3,2,102,,108,95
4/30/2021,3,2,80,,107,91
5/1/2021,3,2,96,,110,98
5/2/2021,3,2,75,,109,93
5/3/2021,3,2,81,,110,95
5/4/2021,3,2,74,,107,95
5/5/2021,3,2,88,,103,99
5/6/2021,3,2,96,,106,98
5/7/2021,3,2,82,,101,94
5/8/2021,3,2,107,,103,93
5/9/2021,3,2,57,,108,99
5/10/2021,3,2,75,,101,91
5/11/2021,3,2,81,,104,96
5/12/2021,3,2,74,,105,99
5/13/2021,3,2,83,,104,95
5/14/2021,3,2,94,,105,97
5/15/2021,3,2,112,,101,98
5/16/2021,3,2,71,,106,96
5/17/2021,3,2,98,,101,96
5/18/2021,3,2,72,,102,98
5/19/2021,3,2,95,,109,94
5/20/2021,3,2,99,,102,92
5/21/2021,3,2,102,,103,93
5/22/2021,3,2,95,,107,97
5/23/2021,3,2,71,,105,95
5/24/2021,3,2,78,,107,91
5/25/2021,3,2,91,,103,93
5/26/2021,3,2,84,,101,93
5/27/2021,3,2,91,,107,98
5/28/2021,3,2,92,,101,92
5/29/2021,3,2,97,,109,97
5/30/2021,3,2,49,,104,94
5/31/2021,3,2,69,,101,95
6/1/2021,3,2,98,,104,94
6/2/2021,3,2,76,,104,97
6/3/2021,3,2,94,,106,94
6/4/2021,3,2,96,,101,98
6/5/2021,3,2,96,,102,96
6/6/2021,3,2,61,,102,95
6/7/2021,3,2,88,,104,96
6/8/2021,3,2,85,,106,98
6/9/2021,3,2,77,,106,91
6/10/2021,3,2,93,,109,91
6/11/2021,3,2,116,,105,98
6/12/2021,3,2,107,,101,92
6/13/2021,3,2,45,,108,96
6/14/2021,3,2,82,,103,96
6/15/2021,3,2,76,,104,99
6/16/2021,3,2,83,,108,92
6/17/2021,3,2,102,,103,93
6/18/2021,3,2,91,,104,94
6/19/2021,3,2,96,,108,93
6/20/2021,3,2,72,,103,96
6/21/2021,3,2,77,,110,98
6/22/2021,3,2,74,,107,98
6/23/2021,3,2,81,,110,99
6/24/2021,3,2,95,,101,98
6/25/2021,3,2,95,,107,97
6/26/2021,3,2,112,,106,94
6/27/2021,3,2,69,,106,95
6/28/2021,3,2,89,,106,91
6/29/2021,3,2,85,,110,94
6/30/2021,3,2,69,,104,95
7/1/2021,3,2,102,,105,98
7/2/2021,3,2,115,,104,91
7/3/2021,3,2,105,,107,98
7/4/2021,3,2,99,,103,99
7/5/2021,3,2,92,,107,92
7/6/2021,3,2,78,,107,97
7/7/2021,3,2,81,,110,97
7/8/2021,3,2,95,,101,96
7/9/2021,3,2,92,,102,95
7/10/2021,3,2,104,,106,97
7/11/2021,3,2,59,,108,95
7/12/2021,3,2,111,,107,97
7/13/2021,3,2,84,,104,91
7/14/2021,3,2,101,,101,94
7/15/2021,3,2,84,,103,92
7/16/2021,3,2,91,,109,97
7/17/2021,3,2,118,,109,97
7/18/2021,3,2,80,,101,95
7/19/2021,3,2,102,,108,96
7/20/2021,3,2,98,,107,91
7/21/2021,3,2,95,,110,98
7/22/2021,3,2,95,,108,99
7/23/2021,3,2,101,,110,99
7/24/2021,3,2,116,,102,92
7/25/2021,3,2,69,,104,92
7/26/2021,3,2,76,,106,96
7/27/2021,3,2,91,,107,99
7/28/2021,3,2,87,,107,99
7/29/2021,3,2,97,,103,97
7/30/2021,3,2,118,,109,97
7/31/2021,3,2,113,,103,92
8/1/2021,3,2,68,,108,98
8/2/2021,3,2,88,,109,91
8/3/2021,3,2,85,,103,97
8/4/2021,3,2,82,,108,99
8/5/2021,3,2,83,,104,98
8/6/2021,3,2,105,,106,91
8/7/2021,3,2,99,,105,99
8/8/2021,3,2,75,,105,99
8/9/2021,3,2,87,,105,94
8/10/2021,3,2,75,,106,96
8/11/2021,3,2,75,,104,99
8/12/2021,3,2,84,,105,93
8/13/2021,3,2,100,,103,99
8/14/2021,3,2,102,,104,96
8/15/2021,3,2,52,,104,93
8/16/2021,3,2,67,,108,95
8/17/2021,3,2,88,,101,97
8/18/2021,3,2,76,,103,91
8/19/2021,3,2,91,,103,97
8/20/2021,3,2,89,,101,97
8/21/2021,3,2,88,,109,99
8/22/2021,3,2,59,,109,91
8/23/2021,3,2,80,,103,93
8/24/2021,3,2,66,,104,93
8/25/2021,3,2,67,,107,94
8/26/2021,3,2,87,,105,95
8/27/2021,3,2,101,,103,96
8/28/2021,3,2,95,,104,99
8/29/2021,3,2,52,,107,95
8/30/2021,3,2,86,,105,94
8/31/2021,3,2,66,,107,91
9/1/2021,3,2,83,,108,96
9/2/2021,3,2,76,,106,95
9/3/2021,3,2,92,,109,99
9/4/2021,3,2,79,,106,95
9/5/2021,3,2,53,,101,94
9/6/2021,3,2,55,,102,97
9/7/2021,3,2,61,,104,96
9/8/2021,3,2,77,,102,98
9/9/2021,3,2,73,,101,91
9/10/2021,3,2,92,,108,97
9/11/2021,3,2,78,,110,93
9/12/2021,3,2,55,,109,92
9/13/2021,3,2,75,,101,96
9/14/2021,3,2,74,,104,99
9/15/2021,3,2,85,,110,96
9/16/2021,3,2,78,,102,93
9/17/2021,3,2,88,,105,94
9/18/2021,3,2,97,,104,93
9/19/2021,3,2,54,,103,98
9/20/2021,3,2,87,,109,94
9/21/2021,3,2,70,,102,95
9/22/2021,3,2,87,,103,97
9/23/2021,3,2,82,,107,93
9/24/2021,3,2,72,,109,93
9/25/2021,3,2,85,,103,96
9/26/2021,3,2,66,,105,92
9/27/2021,3,2,66,,103,99
9/28/2021,3,2,79,,108,99
9/29/2021,3,2,92,,107,92
9/30/2021,3,2,77,,104,94
10/1/2021,3,2,90,,104,94
10/2/2021,3,2,65,,107,92
10/3/2021,3,2,47,,105,93
10/4/2021,3,2,71,,106,93
10/5/2021,3,2,61,,107,98
10/6/2021,3,2,73,,103,98
10/7/2021,3,2,50,,106,93
10/8/2021,3,2,86,,109,99
10/9/2021,3,2,77,,107,93
10/10/2021,3,2,53,,104,97
10/11/2021,3,2,59,,102,91
10/12/2021,3,2,57,,109,97
10/13/2021,3,2,72,,107,91
10/14/2021,3,2,74,,110,98
10/15/2021,3,2,91,,102,96
10/16/2021,3,2,83,,110,96
10/17/2021,3,2,49,,106,92
10/18/2021,3,2,65,,102,92
10/19/2021,3,2,63,,106,97
10/20/2021,3,2,74,,105,92
10/21/2021,3,2,79,,103,91
10/22/2021,3,2,84,,110,97
10/23/2021,3,2,91,,110,92
10/24/2021,3,2,58,,103,97
10/25/2021,3,2,72,,104,98
10/26/2021,3,2,71,,108,93
10/27/2021,3,2,86,,109,94
10/28/2021,3,2,72,,105,98
10/29/2021,3,2,81,,102,91
10/30/2021,3,2,81,,105,98
10/31/2021,3,2,63,,107,91
11/1/2021,3,2,58,,104,93
11/2/2021,3,2,64,,109,99
11/3/2021,3,2,65,,101,98
11/4/2021,3,2,81,,102,98
11/5/2021,3,2,97,,108,93
11/6/2021,3,2,75,,105,98
11/7/2021,3,2,53,,107,98
11/8/2021,3,2,58,,105,98
11/9/2021,3,2,76,,105,94
11/10/2021,3,2,86,,101,92
11/11/2021,3,2,74,,110,92
11/12/2021,3,2,86,,109,98
11/13/2021,3,2,94,,110,94
11/14/2021,3,2,62,,110,98
11/15/2021,3,2,70,,109,95
11/16/2021,3,2,51,,103,95
11/17/2021,3,2,60,,106,95
11/18/2021,3,2,76,,106,95
11/19/2021,3,2,82,,108,97
11/20/2021,3,2,85,,101,97
11/21/2021,3,2,58,,102,97
11/22/2021,3,2,83,,105,91
11/23/2021,3,2,68,,109,95
11/24/2021,3,2,70,,101,97
11/25/2021,3,2,94,,108,99
11/26/2021,3,2,68,,107,97
11/27/2021,3,2,87,,108,91
11/28/2021,3,2,65,,102,91
11/29/2021,3,2,72,,110,94
11/30/2021,3,2,67,,102,95
12/1/2021,3,2,56,,107,97
12/2/2021,3,2,48,,104,93
12/3/2021,3,2,66,,109,95
12/4/2021,3,2,60,,109,93
12/5/2021,3,2,48,,104,95
12/6/2021,3,2,48,,103,94
12/7/2021,3,2,49,,106,99
12/8/2021,3,2,53,,109,93
12/9/2021,3,2,60,,107,92
12/10/2021,3,2,56,,110,94
12/11/2021,3,2,61,,101,92
12/12/2021,3,2,45,,105,92
12/13/2021,3,2,50,,105,91
12/14/2021,3,2,42,,109,95
12/15/2021,3,2,48,,107,93
12/16/2021,3,2,57,,108,95
12/17/2021,3,2,71,,103,96
12/18/2021,3,2,68,,110,93
12/19/2021,3,2,45,,101,98
12/20/2021,3,2,57,,105,91
12/21/2021,3,2,53,,107,92
12/22/2021,3,2,50,,101,97
12/23/2021,3,2,65,,102,94
12/24/2021,3,2,67,,102,91
12/25/2021,3,2,79,,107,96
12/26/2021,3,2,43,,109,94
12/27/2021,3,2,54,,102,95
12/28/2021,3,2,46,,108,97
12/29/2021,3,2,57,,105,95
12/30/2021,3,2,64,,104,94
12/31/2021,3,2,64,,104,93
1/1/2022,3,2,40,,109,96
1/2/2022,3,2,45,,103,91
1/3/2022,3,2,46,,106,97
1/4/2022,3,2,45,,109,97
1/5/2022,3,2,55,,109,97
1/6/2022,3,2,54,,101,94
1/7/2022,3,2,52,,103,91
1/8/2022,3,2,58,,106,92
1/9/2022,3,2,44,,108,92
1/10/2022,3,2,56,,101,98
1/11/2022,3,2,52,,108,95
1/12/2022,3,2,46,,110,96
1/13/2022,3,2,71,,101,98
1/14/2022,3,2,53,,110,95
1/15/2022,3,2,47,,101,98
1/16/2022,3,2,38,,103,95
1/17/2022,3,2,42,,109,92
1/18/2022,3,2,52,,110,93
1/19/2022,3,2,51,,106,97
1/20/2022,3,2,56,,101,95
1/21/2022,3,2,57,,104,99
1/22/2022,3,2,52,,101,97
1/23/2022,3,2,30,,107,93
1/24/2022,3,2,30,,109,95
1/25/2022,3,2,44,,103,92
1/26/2022,3,2,45,,102,97
1/27/2022,3,2,56,,110,91
1/28/2022,3,2,60,,109,93
1/29/2022,3,2,54,,105,94
1/30/2022,3,2,35,,109,99
1/31/2022,3,2,49,,102,99
2/1/2022,3,2,50,,106,96
2/2/2022,3,2,73,,101,91
2/3/2022,3,2,52,,104,92
2/4/2022,3,2,53,,106,94
2/5/2022,3,2,79,,107,93
2/6/2022,3,2,43,,103,93
2/7/2022,3,2,57,,101,97
2/8/2022,3,2,54,,106,96
2/9/2022,3,2,49,,102,99
2/10/2022,3,2,68,,109,99
2/11/2022,3,2,67,,101,96
2/12/2022,3,2,81,,102,98
2/13/2022,3,2,42,,101,96
2/14/2022,3,2,64,,101,92
2/15/2022,3,2,52,,106,92
2/16/2022,3,2,54,,106,92
2/17/2022,3,2,61,,106,96
2/18/2022,3,2,83,,108,95
2/19/2022,3,2,70,,103,92
2/20/2022,3,2,45,,104,99
2/21/2022,3,2,60,,103,91
2/22/2022,3,2,53,,102,93
2/23/2022,3,2,46,,104,91
2/24/2022,3,2,55,,106,99
2/25/2022,3,2,65,,106,91
2/26/2022,3,2,80,,104,96
2/27/2022,3,2,45,,103,99
2/28/2022,3,2,43,,105,98
3/1/2022,3,2,63,,107,92
3/2/2022,3,2,72,,105,94
3/3/2022,3,2,82,,107,98
3/4/2022,3,2,74,,108,93
3/5/2022,3,2,77,,108,97
3/6/2022,3,2,56,,101,98
3/7/2022,3,2,63,,106,96
3/8/2022,3,2,57,,102,91
3/9/2022,3,2,81,,101,95
3/10/2022,3,2,80,,103,98
3/11/2022,3,2,71,,105,94
3/12/2022,3,2,75,,105,91
3/13/2022,3,2,45,,101,95
3/14/2022,3,2,58,,106,99
3/15/2022,3,2,60,,107,91
3/16/2022,3,2,71,,110,92
3/17/2022,3,2,72,,103,96
3/18/2022,3,2,66,,102,97
3/19/2022,3,2,81,,109,98
3/20/2022,3,2,46,,101,94
3/21/2022,3,2,67,,110,99
3/22/2022,3,2,50,,101,91
3/23/2022,3,2,52,,110,94
3/24/2022,3,2,67,,102,91
3/25/2022,3,2,72,,107,97
3/26/2022,3,2,107,,101,95
3/27/2022,3,2,55,,106,94
3/28/2022,3,2,69,,108,94
3/29/2022,3,2,65,,107,92
3/30/2022,3,2,62,,101,99
3/31/2022,3,2,58,,110,95
4/1/2022,3,2,86,,110,91
4/2/2022,3,2,95,,106,99
4/3/2022,3,2,52,,103,96
4/4/2022,3,2,94,,104,92
4/5/2022,3,2,78,,104,91
4/6/2022,3,2,71,,103,92
4/7/2022,3,2,79,,110,98
4/8/2022,3,2,77,,105,98
4/9/2022,3,2,92,,102,93
4/10/2022,3,2,48,,102,95
4/11/2022,3,2,87,,106,93
4/12/2022,3,2,73,,101,99
4/13/2022,3,2,87,,108,94
4/14/2022,3,2,85,,102,91
4/15/2022,3,2,99,,105,94
4/16/2022,3,2,98,,109,98
4/17/2022,3,2,77,,106,96
4/18/2022,3,2,75,,102,99
4/19/2022,3,2,69,,102,96
4/20/2022,3,2,78,,109,91
4/21/2022,3,2,93,,101,93
4/22/2022,3,2,76,,106,94
4/23/2022,3,2,96,,110,95
4/24/2022,3,2,62,,104,99
4/25/2022,3,2,69,,108,93
4/26/2022,3,2,78,,108,99
4/27/2022,3,2,86,,103,93
4/28/2022,3,2,93,,108,94
4/29/2022,3,2,80,,110,97
4/30/2022,3,2,89,,106,93
5/1/2022,3,2,57,,106,96
5/2/2022,3,2,76,,103,96
5/3/2022,3,2,65,,108,94
5/4/2022,3,2,95,,106,99
5/5/2022,3,2,96,,106,91
5/6/2022,3,2,103,,101,97
5/7/2022,3,2,115,,108,92
5/8/2022,3,2,57,,104,94
5/9/2022,3,2,77,,103,99
5/10/2022,3,2,102,,108,96
5/11/2022,3,2,82,,109,94
5/12/2022,3,2,95,,107,99
5/13/2022,3,2,85,,105,95
5/14/2022,3,2,96,,105,98
5/15/2022,3,2,65,,106,91
5/16/2022,3,2,65,,110,95
5/17/2022,3,2,64,,102,98
5/18/2022,3,2,102,,110,92
5/19/2022,3,2,82,,105,94
5/20/2022,3,2,105,,107,94
5/21/2022,3,2,108,,109,96
5/22/2022,3,2,67,,106,94
5/23/2022,3,2,87,,110,98
5/24/2022,3,2,76,,110,97
5/25/2022,3,2,69,,101,99
5/26/2022,3,2,86,,110,96
5/27/2022,3,2,97,,102,91
5/28/2022,3,2,96,,106,94
5/29/2022,3,2,59,,106,91
5/30/2022,3,2,73,,108,94
5/31/2022,3,2,66,,103,93
6/1/2022,3,2,91,,107,99
6/2/2022,3,2,100,,102,91
6/3/2022,3,2,105,,105,92
6/4/2022,3,2,119,,110,91
6/5/2022,3,2,70,,105,97
6/6/2022,3,2,74,,110,93
6/7/2022,3,2,108,,107,98
6/8/2022,3,2,94,,110,91
6/9/2022,3,2,90,,102,92
6/10/2022,3,2,123,,103,97
6/11/2022,3,2,117,,104,93
6/12/2022,3,2,75,,110,99
6/13/2022,3,2,88,,109,96
6/14/2022,3,2,83,,109,95
6/15/2022,3,2,82,,105,94
6/16/2022,3,2,83,,102,96
6/17/2022,3,2,120,,107,93
6/18/2022,3,2,109,,110,99
6/19/2022,3,2,84,,107,94
6/20/2022,3,2,85,,106,95
6/21/2022,3,2,91,,110,91
6/22/2022,3,2,107,,106,93
6/23/2022,3,2,84,,101,97
6/24/2022,3,2,88,,104,91
6/25/2022,3,2,131,,102,98
6/26/2022,3,2,79,,108,92
6/27/2022,3,2,80,,104,93
6/28/2022,3,2,90,,108,99
6/29/2022,3,2,102,,109,97
6/30/2022,3,2,99,,107,96
7/1/2022,3,2,96,,108,97
7/2/2022,3,2,123,,101,96
7/3/2022,3,2,81,,101,95
7/4/2022,3,2,84,,101,95
7/5/2022,3,2,95,,102,92
7/6/2022,3,2,94,,106,98
7/7/2022,3,2,105,,107,96
7/8/2022,3,2,87,,102,97
7/9/2022,3,2,107,,107,93
7/10/2022,3,2,69,,105,99
7/11/2022,3,2,85,,107,92
7/12/2022,3,2,87,,102,93
7/13/2022,3,2,108,,108,99
7/14/2022,3,2,106,,101,94
7/15/2022,3,2,111,,106,93
7/16/2022,3,2,106,,104,96
7/17/2022,3,2,78,,108,97
7/18/2022,3,2,101,,110,92
7/19/2022,3,2,92,,103,91
7/20/2022,3,2,103,,109,93
7/21/2022,3,2,97,,105,98
7/22/2022,3,2,89,,106,91
7/23/2022,3,2,107,,105,99
7/24/2022,3,2,60,,107,91
7/25/2022,3,2,95,,103,97
7/26/2022,3,2,109,,105,94
7/27/2022,3,2,80,,103,93
7/28/2022,3,2,102,,109,99
7/29/2022,3,2,115,,109,93
7/30/2022,3,2,115,,102,97
7/31/2022,3,2,75,,109,99
8/1/2022,3,2,69,,107,92
8/2/2022,3,2,79,,107,97
8/3/2022,3,2,74,,101,92
8/4/2022,3,2,80,,109,94
8/5/2022,3,2,86,,110,92
8/6/2022,3,2,96,,110,91
8/7/2022,3,2,51,,106,92
8/8/2022,3,2,85,,101,93
8/9/2022,3,2,76,,105,95
8/10/2022,3,2,67,,107,97
8/11/2022,3,2,81,,110,93
8/12/2022,3,2,101,,103,99
8/13/2022,3,2,77,,110,95
8/14/2022,3,2,62,,105,97
8/15/2022,3,2,82,,109,93
8/16/2022,3,2,76,,105,98
8/17/2022,3,2,80,,110,95
8/18/2022,3,2,96,,102,98
8/19/2022,3,2,109,,103,99
8/20/2022,3,2,80,,110,93
8/21/2022,3,2,78,,108,97
8/22/2022,3,2,86,,102,93
8/23/2022,3,2,77,,105,98
8/24/2022,3,2,80,,106,92
8/25/2022,3,2,108,,104,98
8/26/2022,3,2,127,,108,99
8/27/2022,3,2,90,,103,98
8/28/2022,3,2,63,,108,98
8/29/2022,3,2,83,,102,95
8/30/2022,3,2,72,,108,96
8/31/2022,3,2,84,,102,96
9/1/2022,3,2,73,,102,96
9/2/2022,3,2,87,,108,94
9/3/2022,3,2,107,,106,98
9/4/2022,3,2,65,,108,92
9/5/2022,3,2,90,,110,93
9/6/2022,3,2,69,,102,94
9/7/2022,3,2,82,,110,91
9/8/2022,3,2,74,,105,93
9/9/2022,3,2,101,,109,91
9/10/2022,3,2,103,,108,98
9/11/2022,3,2,53,,106,99
9/12/2022,3,2,62,,110,91
9/13/2022,3,2,63,,102,95
9/14/2022,3,2,89,,107,92
9/15/2022,3,2,87,,109,95
9/16/2022,3,2,93,,109,92
9/17/2022,3,2,80,,103,98
9/18/2022,3,2,63,,105,99
9/19/2022,3,2,72,,106,96
9/20/2022,3,2,63,,108,96
9/21/2022,3,2,100,,101,97
9/22/2022,3,2,80,,110,94
9/23/2022,3,2,100,,104,94
9/24/2022,3,2,93,,108,91
9/25/2022,3,2,66,,106,91
9/26/2022,3,2,72,,110,95
9/27/2022,3,2,86,,105,98
9/28/2022,3,2,67,,101,91
9/29/2022,3,2,90,,110,93
9/30/2022,3,2,78,,101,92
10/1/2022,3,2,83,,109,92
10/2/2022,3,2,58,,107,94
10/3/2022,3,2,54,,109,93
10/4/2022,3,2,76,,109,93
10/5/2022,3,2,72,,106,97
10/6/2022,3,2,75,,110,97
10/7/2022,3,2,83,,101,91
10/8/2022,3,2,98,,108,94
10/9/2022,3,2,61,,110,91
10/10/2022,3,2,79,,106,92
10/11/2022,3,2,65,,104,99
10/12/2022,3,2,65,,104,91
10/13/2022,3,2,86,,102,98
10/14/2022,3,2,80,,110,93
10/15/2022,3,2,83,,109,93
10/16/2022,3,2,57,,108,98
10/17/2022,3,2,66,,109,99
10/18/2022,3,2,59,,101,98
10/19/2022,3,2,77,,102,98
10/20/2022,3,2,83,,109,99
10/21/2022,3,2,79,,106,96
10/22/2022,3,2,73,,103,97
10/23/2022,3,2,47,,109,96
10/24/2022,3,2,65,,101,92
10/25/2022,3,2,67,,103,97
10/26/2022,3,2,68,,104,92
10/27/2022,3,2,72,,102,92
10/28/2022,3,2,75,,109,97
10/29/2022,3,2,83,,106,97
10/30/2022,3,2,70,,110,91
10/31/2022,3,2,68,,107,92
11/1/2022,3,2,53,,101,91
11/2/2022,3,2,68,,101,97
11/3/2022,3,2,75,,106,93
11/4/2022,3,2,89,,110,98
11/5/2022,3,2,99,,103,94
11/6/2022,3,2,56,,110,91
11/7/2022,3,2,71,,107,99
11/8/2022,3,2,66,,103,99
11/9/2022,3,2,80,,103,95
11/10/2022,3,2,90,,107,94
11/11/2022,3,2,75,,107,92
11/12/2022,3,2,106,,104,94
11/13/2022,3,2,67,,107,98
11/14/2022,3,2,78,,110,96
11/15/2022,3,2,79,,101,95
11/16/2022,3,2,66,,108,99
11/17/2022,3,2,84,,108,94
11/18/2022,3,2,93,,105,93
11/19/2022,3,2,81,,109,91
11/20/2022,3,2,52,,104,99
11/21/2022,3,2,79,,107,99
11/22/2022,3,2,60,,110,93
11/23/2022,3,2,96,,110,94
11/24/2022,3,2,84,,110,92
11/25/2022,3,2,77,,108,95
11/26/2022,3,2,97,,101,93
11/27/2022,3,2,73,,101,94
11/28/2022,3,2,70,,106,95
11/29/2022,3,2,68,,110,95
11/30/2022,3,2,75,,104,99
12/1/2022,3,2,67,,110,92
12/2/2022,3,2,54,,108,97
12/3/2022,3,2,70,,101,96
12/4/2022,3,2,38,,105,99
12/5/2022,3,2,66,,107,98
12/6/2022,3,2,48,,107,94
12/7/2022,3,2,55,,104,94
12/8/2022,3,2,58,,110,95
12/9/2022,3,2,58,,104,99
12/10/2022,3,2,68,,103,94
12/11/2022,3,2,43,,106,98
12/12/2022,3,2,46,,108,96
12/13/2022,3,2,56,,103,93
12/14/2022,3,2,57,,102,98
12/15/2022,3,2,57,,106,94
12/16/2022,3,2,69,,102,91
12/17/2022,3,2,66,,106,98
12/18/2022,3,2,45,,109,99
12/19/2022,3,2,52,,105,91
12/20/2022,3,2,50,,104,92
12/21/2022,3,2,58,,106,94
12/22/2022,3,2,63,,107,97
12/23/2022,3,2,65,,106,97
12/24/2022,3,2,60,,107,98
12/25/2022,3,2,53,,102,94
12/26/2022,3,2,56,,106,97
12/27/2022,3,2,61,,101,98
12/28/2022,3,2,59,,103,98
12/29/2022,3,2,55,,103,95
12/30/2022,3,2,68,,110,95
12/31/2022,3,2,68,,105,92
