date,warehouse,item,sales,marketing_expense,economic_indicator,competitor_pricing
1/1/2018,1,8,33,2840,101,95
1/2/2018,1,8,37,3026,127,95
1/3/2018,1,8,38,3128,104,98
1/4/2018,1,8,54,2569,108,97
1/5/2018,1,8,51,3432,122,97
1/6/2018,1,8,60,3286,127,98
1/7/2018,1,8,28,3154,131,91
1/8/2018,1,8,34,2875,119,98
1/9/2018,1,8,40,2740,133,98
1/10/2018,1,8,43,2801,131,91
1/11/2018,1,8,37,3103,121,92
1/12/2018,1,8,43,2667,101,98
1/13/2018,1,8,43,3414,119,98
1/14/2018,1,8,28,3076,133,94
1/15/2018,1,8,40,2961,126,97
1/16/2018,1,8,48,2887,104,91
1/17/2018,1,8,38,3420,114,93
1/18/2018,1,8,38,3113,134,91
1/19/2018,1,8,37,3272,112,96
1/20/2018,1,8,58,2694,135,91
1/21/2018,1,8,30,3310,132,92
1/22/2018,1,8,36,2999,127,98
1/23/2018,1,8,41,3059,129,97
1/24/2018,1,8,42,3209,106,96
1/25/2018,1,8,41,3409,111,98
1/26/2018,1,8,36,3032,131,95
1/27/2018,1,8,41,3264,108,98
1/28/2018,1,8,26,3082,130,95
1/29/2018,1,8,43,2802,111,94
1/30/2018,1,8,33,3100,103,98
1/31/2018,1,8,36,2922,123,92
2/1/2018,1,8,50,3183,107,92
2/2/2018,1,8,54,2857,117,91
2/3/2018,1,8,47,3393,101,94
2/4/2018,1,8,35,2570,103,94
2/5/2018,1,8,32,3384,125,98
2/6/2018,1,8,38,2765,117,93
2/7/2018,1,8,34,3203,135,93
2/8/2018,1,8,57,2574,103,95
2/9/2018,1,8,61,3422,129,95
2/10/2018,1,8,55,2533,121,92
2/11/2018,1,8,38,3253,134,92
2/12/2018,1,8,37,2595,117,96
2/13/2018,1,8,32,2579,121,96
2/14/2018,1,8,42,2794,125,91
2/15/2018,1,8,35,2994,110,91
2/16/2018,1,8,47,2748,106,98
2/17/2018,1,8,43,2905,114,96
2/18/2018,1,8,32,2707,113,91
2/19/2018,1,8,48,2683,102,94
2/20/2018,1,8,39,3010,126,98
2/21/2018,1,8,48,3391,109,93
2/22/2018,1,8,50,3071,135,98
2/23/2018,1,8,52,2920,114,96
2/24/2018,1,8,58,3106,134,97
2/25/2018,1,8,43,2699,133,94
2/26/2018,1,8,45,2746,131,93
2/27/2018,1,8,38,3074,121,94
2/28/2018,1,8,41,3036,108,91
3/1/2018,1,8,57,2550,128,97
3/2/2018,1,8,56,3406,119,98
3/3/2018,1,8,64,3006,123,98
3/4/2018,1,8,41,2960,111,93
3/5/2018,1,8,54,3080,130,93
3/6/2018,1,8,50,2653,112,97
3/7/2018,1,8,54,3077,127,95
3/8/2018,1,8,59,2804,129,94
3/9/2018,1,8,51,2728,132,96
3/10/2018,1,8,67,2961,104,92
3/11/2018,1,8,30,3484,106,97
3/12/2018,1,8,49,3061,132,97
3/13/2018,1,8,61,2590,103,94
3/14/2018,1,8,52,3238,122,92
3/15/2018,1,8,53,2643,129,97
3/16/2018,1,8,55,2870,112,95
3/17/2018,1,8,62,2572,103,97
3/18/2018,1,8,44,3138,109,96
3/19/2018,1,8,51,2639,111,97
3/20/2018,1,8,46,3021,135,95
3/21/2018,1,8,50,2676,118,95
3/22/2018,1,8,46,3358,102,94
3/23/2018,1,8,55,3021,109,97
3/24/2018,1,8,59,3293,123,96
3/25/2018,1,8,39,3226,109,91
3/26/2018,1,8,45,3382,120,93
3/27/2018,1,8,47,3289,117,97
3/28/2018,1,8,63,3459,102,92
3/29/2018,1,8,63,3168,129,93
3/30/2018,1,8,51,3233,119,91
3/31/2018,1,8,62,3074,103,93
4/1/2018,1,8,63,2863,102,97
4/2/2018,1,8,62,2811,114,98
4/3/2018,1,8,72,2913,126,93
4/4/2018,1,8,64,2862,105,93
4/5/2018,1,8,61,3409,106,91
4/6/2018,1,8,75,2855,102,95
4/7/2018,1,8,82,2968,111,97
4/8/2018,1,8,39,3437,135,95
4/9/2018,1,8,57,3002,108,96
4/10/2018,1,8,65,2646,110,96
4/11/2018,1,8,52,3294,118,95
4/12/2018,1,8,71,2665,107,93
4/13/2018,1,8,68,2853,104,98
4/14/2018,1,8,90,3378,135,93
4/15/2018,1,8,45,3070,128,94
4/16/2018,1,8,55,3342,122,95
4/17/2018,1,8,61,3197,116,93
4/18/2018,1,8,80,3001,127,91
4/19/2018,1,8,58,3121,106,94
4/20/2018,1,8,58,3055,133,97
4/21/2018,1,8,80,3367,113,96
4/22/2018,1,8,52,3251,126,95
4/23/2018,1,8,47,3024,111,92
4/24/2018,1,8,48,3346,118,94
4/25/2018,1,8,47,2856,117,91
4/26/2018,1,8,72,2857,125,96
4/27/2018,1,8,76,3065,121,97
4/28/2018,1,8,54,3067,128,92
4/29/2018,1,8,46,2871,132,93
4/30/2018,1,8,57,3008,110,91
5/1/2018,1,8,69,2850,133,93
5/2/2018,1,8,59,3360,125,93
5/3/2018,1,8,65,2889,127,97
5/4/2018,1,8,86,3017,109,91
5/5/2018,1,8,77,2845,127,98
5/6/2018,1,8,47,3467,113,96
5/7/2018,1,8,75,2878,132,95
5/8/2018,1,8,64,3026,129,94
5/9/2018,1,8,76,2774,121,98
5/10/2018,1,8,86,3171,106,92
5/11/2018,1,8,83,2764,118,96
5/12/2018,1,8,91,2745,103,92
5/13/2018,1,8,48,3022,135,97
5/14/2018,1,8,65,2913,118,92
5/15/2018,1,8,62,2598,106,91
5/16/2018,1,8,65,3276,128,97
5/17/2018,1,8,76,2736,127,93
5/18/2018,1,8,73,2615,118,97
5/19/2018,1,8,87,3007,101,98
5/20/2018,1,8,54,2549,112,94
5/21/2018,1,8,69,2968,102,91
5/22/2018,1,8,63,3330,129,96
5/23/2018,1,8,58,2579,124,96
5/24/2018,1,8,71,3260,102,95
5/25/2018,1,8,56,3182,103,92
5/26/2018,1,8,83,2619,130,92
5/27/2018,1,8,37,3195,128,97
5/28/2018,1,8,52,3159,111,98
5/29/2018,1,8,73,3127,123,95
5/30/2018,1,8,72,2600,108,93
5/31/2018,1,8,60,2579,128,92
6/1/2018,1,8,93,2844,103,94
6/2/2018,1,8,83,3207,106,97
6/3/2018,1,8,59,2693,108,96
6/4/2018,1,8,72,3399,128,98
6/5/2018,1,8,56,3247,123,95
6/6/2018,1,8,90,3196,127,95
6/7/2018,1,8,55,3335,126,91
6/8/2018,1,8,67,3379,126,97
6/9/2018,1,8,80,2812,131,96
6/10/2018,1,8,46,3409,126,94
6/11/2018,1,8,55,2921,135,95
6/12/2018,1,8,76,3396,133,96
6/13/2018,1,8,74,3294,115,93
6/14/2018,1,8,79,2800,116,94
6/15/2018,1,8,94,2949,134,96
6/16/2018,1,8,82,2666,131,94
6/17/2018,1,8,59,2670,132,91
6/18/2018,1,8,56,3071,114,98
6/19/2018,1,8,70,3275,116,95
6/20/2018,1,8,62,2561,113,95
6/21/2018,1,8,79,3497,129,95
6/22/2018,1,8,87,3459,125,96
6/23/2018,1,8,71,3027,114,94
6/24/2018,1,8,59,3287,112,95
6/25/2018,1,8,57,2614,107,98
6/26/2018,1,8,65,2745,132,96
6/27/2018,1,8,61,3492,128,96
6/28/2018,1,8,63,2636,110,95
6/29/2018,1,8,65,3461,104,97
6/30/2018,1,8,77,2776,105,91
7/1/2018,1,8,55,3376,118,91
7/2/2018,1,8,74,3196,103,98
7/3/2018,1,8,69,2626,107,97
7/4/2018,1,8,67,3315,103,95
7/5/2018,1,8,62,2571,125,97
7/6/2018,1,8,90,3312,106,92
7/7/2018,1,8,96,3453,106,97
7/8/2018,1,8,61,2576,107,95
7/9/2018,1,8,71,3053,102,93
7/10/2018,1,8,59,2838,120,94
7/11/2018,1,8,74,2991,119,92
7/12/2018,1,8,80,2675,125,94
7/13/2018,1,8,79,3201,105,95
7/14/2018,1,8,105,2895,120,97
7/15/2018,1,8,46,3001,117,93
7/16/2018,1,8,70,2667,108,95
7/17/2018,1,8,63,3321,124,95
7/18/2018,1,8,61,2633,114,93
7/19/2018,1,8,79,3020,126,97
7/20/2018,1,8,78,3093,105,92
7/21/2018,1,8,74,3266,101,96
7/22/2018,1,8,70,2945,108,98
7/23/2018,1,8,63,3397,105,96
7/24/2018,1,8,72,2659,106,91
7/25/2018,1,8,61,2798,131,98
7/26/2018,1,8,78,2571,123,97
7/27/2018,1,8,71,3367,129,96
7/28/2018,1,8,71,2840,126,97
7/29/2018,1,8,68,3219,120,94
7/30/2018,1,8,64,3334,126,93
7/31/2018,1,8,70,2829,117,97
8/1/2018,1,8,69,2959,133,98
8/2/2018,1,8,74,2681,109,95
8/3/2018,1,8,69,2507,107,92
8/4/2018,1,8,69,3476,107,94
8/5/2018,1,8,49,3015,129,91
8/6/2018,1,8,46,3446,112,92
8/7/2018,1,8,57,3376,119,91
8/8/2018,1,8,63,3439,105,94
8/9/2018,1,8,78,3404,118,97
8/10/2018,1,8,62,2939,101,96
8/11/2018,1,8,80,2622,123,95
8/12/2018,1,8,51,2898,109,92
8/13/2018,1,8,66,2801,130,94
8/14/2018,1,8,60,2503,109,93
8/15/2018,1,8,46,2791,124,93
8/16/2018,1,8,84,2690,124,97
8/17/2018,1,8,72,3086,113,96
8/18/2018,1,8,71,3176,112,98
8/19/2018,1,8,39,3080,117,96
8/20/2018,1,8,66,2878,110,97
8/21/2018,1,8,64,2793,114,98
8/22/2018,1,8,58,3375,133,94
8/23/2018,1,8,61,3448,102,92
8/24/2018,1,8,67,2794,110,95
8/25/2018,1,8,85,3461,102,96
8/26/2018,1,8,40,3088,101,94
8/27/2018,1,8,55,2688,108,97
8/28/2018,1,8,65,2910,110,97
8/29/2018,1,8,65,2857,102,94
8/30/2018,1,8,63,2989,117,91
8/31/2018,1,8,81,2901,106,97
9/1/2018,1,8,70,3338,107,93
9/2/2018,1,8,46,2710,120,93
9/3/2018,1,8,58,2937,129,95
9/4/2018,1,8,44,2580,131,92
9/5/2018,1,8,51,2835,103,96
9/6/2018,1,8,52,2517,133,91
9/7/2018,1,8,79,2657,135,97
9/8/2018,1,8,78,3178,107,95
9/9/2018,1,8,43,2764,109,93
9/10/2018,1,8,60,2595,117,91
9/11/2018,1,8,70,2822,109,97
9/12/2018,1,8,67,3196,130,95
9/13/2018,1,8,60,3042,116,94
9/14/2018,1,8,60,2792,114,94
9/15/2018,1,8,71,3229,102,95
9/16/2018,1,8,57,2582,135,95
9/17/2018,1,8,59,2908,119,92
9/18/2018,1,8,56,3010,110,91
9/19/2018,1,8,61,2900,130,95
9/20/2018,1,8,59,3220,127,93
9/21/2018,1,8,83,2621,122,95
9/22/2018,1,8,78,3415,113,96
9/23/2018,1,8,63,2607,124,95
9/24/2018,1,8,63,3170,113,94
9/25/2018,1,8,72,2806,132,98
9/26/2018,1,8,49,2558,120,92
9/27/2018,1,8,63,3195,130,97
9/28/2018,1,8,73,3315,101,93
9/29/2018,1,8,76,3034,103,91
9/30/2018,1,8,47,3332,120,98
10/1/2018,1,8,55,2635,126,91
10/2/2018,1,8,38,3143,119,97
10/3/2018,1,8,53,3288,107,97
10/4/2018,1,8,61,3319,122,91
10/5/2018,1,8,61,2665,106,98
10/6/2018,1,8,70,2641,114,93
10/7/2018,1,8,45,2579,134,96
10/8/2018,1,8,41,2581,112,95
10/9/2018,1,8,53,3409,102,91
10/10/2018,1,8,63,3492,131,94
10/11/2018,1,8,56,3209,130,92
10/12/2018,1,8,67,3282,101,98
10/13/2018,1,8,65,3233,107,96
10/14/2018,1,8,43,3389,115,95
10/15/2018,1,8,52,2965,135,96
10/16/2018,1,8,56,3058,110,96
10/17/2018,1,8,53,2803,105,96
10/18/2018,1,8,53,3401,106,94
10/19/2018,1,8,59,3442,109,94
10/20/2018,1,8,74,2718,117,95
10/21/2018,1,8,50,2838,121,98
10/22/2018,1,8,52,2760,128,92
10/23/2018,1,8,68,2694,132,98
10/24/2018,1,8,55,3167,121,98
10/25/2018,1,8,63,3096,108,97
10/26/2018,1,8,50,3447,121,92
10/27/2018,1,8,70,3021,106,98
10/28/2018,1,8,50,2730,114,91
10/29/2018,1,8,56,2964,122,93
10/30/2018,1,8,51,2515,117,93
10/31/2018,1,8,51,3292,117,98
11/1/2018,1,8,66,2950,129,94
11/2/2018,1,8,66,3249,123,94
11/3/2018,1,8,88,3481,128,95
11/4/2018,1,8,41,2556,128,97
11/5/2018,1,8,59,2789,129,98
11/6/2018,1,8,54,2578,130,91
11/7/2018,1,8,57,3343,130,97
11/8/2018,1,8,76,3498,133,91
11/9/2018,1,8,63,2908,130,93
11/10/2018,1,8,71,3082,128,92
11/11/2018,1,8,54,2608,104,91
11/12/2018,1,8,56,2827,128,96
11/13/2018,1,8,63,3127,109,98
11/14/2018,1,8,48,3062,104,93
11/15/2018,1,8,57,2503,120,94
11/16/2018,1,8,58,3068,135,94
11/17/2018,1,8,54,3272,117,98
11/18/2018,1,8,51,2734,114,93
11/19/2018,1,8,53,2960,128,96
11/20/2018,1,8,52,2877,118,96
11/21/2018,1,8,74,3084,116,91
11/22/2018,1,8,85,3078,127,96
11/23/2018,1,8,77,2929,102,91
11/24/2018,1,8,79,2965,113,91
11/25/2018,1,8,51,3107,134,93
11/26/2018,1,8,57,3481,133,97
11/27/2018,1,8,55,3229,120,96
11/28/2018,1,8,40,3167,135,97
11/29/2018,1,8,65,3288,104,94
11/30/2018,1,8,78,2557,122,94
12/1/2018,1,8,52,2739,107,92
12/2/2018,1,8,40,2585,114,91
12/3/2018,1,8,52,3378,119,97
12/4/2018,1,8,48,2889,134,94
12/5/2018,1,8,46,3149,125,94
12/6/2018,1,8,53,2616,126,97
12/7/2018,1,8,46,3497,113,91
12/8/2018,1,8,49,2913,109,98
12/9/2018,1,8,28,2557,103,96
12/10/2018,1,8,40,3339,104,97
12/11/2018,1,8,38,3361,130,98
12/12/2018,1,8,47,3164,119,97
12/13/2018,1,8,44,3442,118,96
12/14/2018,1,8,39,3490,118,95
12/15/2018,1,8,64,3022,105,98
12/16/2018,1,8,30,3290,114,91
12/17/2018,1,8,37,3059,115,95
12/18/2018,1,8,32,2704,133,92
12/19/2018,1,8,45,2769,134,97
12/20/2018,1,8,41,3302,101,94
12/21/2018,1,8,42,2600,119,93
12/22/2018,1,8,49,2696,114,92
12/23/2018,1,8,34,3218,118,95
12/24/2018,1,8,33,3159,115,95
12/25/2018,1,8,46,2845,129,97
12/26/2018,1,8,56,2732,129,92
12/27/2018,1,8,43,3011,106,92
12/28/2018,1,8,47,3352,127,97
12/29/2018,1,8,48,2736,101,94
12/30/2018,1,8,31,3387,106,94
12/31/2018,1,8,35,2905,123,93
1/1/2019,1,8,36,2857,125,98
1/2/2019,1,8,46,3439,107,91
1/3/2019,1,8,34,3228,131,95
1/4/2019,1,8,52,3095,119,93
1/5/2019,1,8,57,3466,106,98
1/6/2019,1,8,36,2831,135,92
1/7/2019,1,8,47,2961,134,95
1/8/2019,1,8,49,3436,126,98
1/9/2019,1,8,58,3107,130,92
1/10/2019,1,8,57,3333,112,95
1/11/2019,1,8,54,2762,110,98
1/12/2019,1,8,64,3078,117,94
1/13/2019,1,8,38,3463,131,97
1/14/2019,1,8,49,2958,134,93
1/15/2019,1,8,44,3260,120,97
1/16/2019,1,8,53,2770,111,97
1/17/2019,1,8,49,3456,109,91
1/18/2019,1,8,56,2979,132,97
1/19/2019,1,8,43,3373,109,92
1/20/2019,1,8,35,3484,124,96
1/21/2019,1,8,40,2705,105,96
1/22/2019,1,8,35,3121,131,95
1/23/2019,1,8,45,2911,116,92
1/24/2019,1,8,37,2846,122,92
1/25/2019,1,8,49,3207,131,98
1/26/2019,1,8,54,3149,110,92
1/27/2019,1,8,41,3209,132,92
1/28/2019,1,8,33,3443,108,95
1/29/2019,1,8,39,2626,127,98
1/30/2019,1,8,34,2552,131,97
1/31/2019,1,8,38,3330,127,93
2/1/2019,1,8,68,3086,119,92
2/2/2019,1,8,53,2870,121,95
2/3/2019,1,8,35,3029,134,95
2/4/2019,1,8,52,3339,115,97
2/5/2019,1,8,57,3434,108,98
2/6/2019,1,8,59,3297,127,96
2/7/2019,1,8,53,3436,105,91
2/8/2019,1,8,84,3114,105,96
2/9/2019,1,8,56,2981,114,92
2/10/2019,1,8,24,3256,133,97
2/11/2019,1,8,44,2834,126,94
2/12/2019,1,8,44,2712,103,93
2/13/2019,1,8,58,2966,128,92
2/14/2019,1,8,48,2880,120,94
2/15/2019,1,8,60,2930,106,98
2/16/2019,1,8,73,3371,130,91
2/17/2019,1,8,32,2592,109,92
2/18/2019,1,8,53,2767,129,93
2/19/2019,1,8,44,2839,108,98
2/20/2019,1,8,70,2964,105,91
2/21/2019,1,8,50,3047,109,98
2/22/2019,1,8,61,3409,102,92
2/23/2019,1,8,66,2575,109,96
2/24/2019,1,8,32,3021,127,98
2/25/2019,1,8,32,2723,130,91
2/26/2019,1,8,46,2844,129,93
2/27/2019,1,8,47,2622,122,91
2/28/2019,1,8,59,3312,120,98
3/1/2019,1,8,77,2646,115,97
3/2/2019,1,8,80,2720,128,92
3/3/2019,1,8,39,3054,107,97
3/4/2019,1,8,51,2896,121,98
3/5/2019,1,8,46,3495,106,92
3/6/2019,1,8,60,2552,120,91
3/7/2019,1,8,72,3390,123,97
3/8/2019,1,8,63,2908,131,94
3/9/2019,1,8,80,3201,105,97
3/10/2019,1,8,41,2771,129,95
3/11/2019,1,8,80,3216,113,93
3/12/2019,1,8,50,2795,120,95
3/13/2019,1,8,55,3164,102,98
3/14/2019,1,8,51,2510,134,94
3/15/2019,1,8,63,3294,116,97
3/16/2019,1,8,48,2963,104,96
3/17/2019,1,8,44,3243,124,92
3/18/2019,1,8,63,2824,109,98
3/19/2019,1,8,48,2747,113,93
3/20/2019,1,8,63,3166,104,96
3/21/2019,1,8,55,2521,109,93
3/22/2019,1,8,66,2659,125,92
3/23/2019,1,8,63,3117,117,94
3/24/2019,1,8,56,3397,127,93
3/25/2019,1,8,67,2998,123,97
3/26/2019,1,8,53,3326,126,95
3/27/2019,1,8,62,3418,131,94
3/28/2019,1,8,65,3192,111,92
3/29/2019,1,8,55,2946,122,94
3/30/2019,1,8,67,2830,104,94
3/31/2019,1,8,49,3227,120,94
4/1/2019,1,8,62,3345,133,95
4/2/2019,1,8,73,2968,128,94
4/3/2019,1,8,71,2603,130,97
4/4/2019,1,8,69,2966,118,98
4/5/2019,1,8,89,3163,130,97
4/6/2019,1,8,79,3458,134,95
4/7/2019,1,8,58,3336,113,98
4/8/2019,1,8,63,2501,131,93
4/9/2019,1,8,61,3120,135,94
4/10/2019,1,8,72,3346,104,97
4/11/2019,1,8,86,2774,104,92
4/12/2019,1,8,89,2948,120,96
4/13/2019,1,8,98,3136,132,93
4/14/2019,1,8,62,3178,112,95
4/15/2019,1,8,49,2878,120,96
4/16/2019,1,8,54,3481,118,95
4/17/2019,1,8,66,3124,134,92
4/18/2019,1,8,68,3096,120,94
4/19/2019,1,8,79,2888,121,94
4/20/2019,1,8,76,3466,103,91
4/21/2019,1,8,57,2736,125,95
4/22/2019,1,8,74,2794,114,98
4/23/2019,1,8,75,3362,105,98
4/24/2019,1,8,65,2532,107,96
4/25/2019,1,8,66,3310,106,96
4/26/2019,1,8,70,3500,118,94
4/27/2019,1,8,89,3364,110,97
4/28/2019,1,8,49,2507,109,95
4/29/2019,1,8,66,2797,106,98
4/30/2019,1,8,68,2957,122,97
5/1/2019,1,8,78,3193,118,94
5/2/2019,1,8,73,3173,109,91
5/3/2019,1,8,74,2616,117,96
5/4/2019,1,8,76,3424,122,93
5/5/2019,1,8,57,2777,121,96
5/6/2019,1,8,45,3406,112,94
5/7/2019,1,8,69,3220,102,98
5/8/2019,1,8,72,3358,125,92
5/9/2019,1,8,96,3437,107,94
5/10/2019,1,8,96,3455,114,98
5/11/2019,1,8,85,2963,112,94
5/12/2019,1,8,60,2762,103,92
5/13/2019,1,8,64,2847,122,95
5/14/2019,1,8,77,2894,112,95
5/15/2019,1,8,76,3352,101,95
5/16/2019,1,8,73,2868,113,96
5/17/2019,1,8,77,3031,101,95
5/18/2019,1,8,89,3096,124,96
5/19/2019,1,8,58,2978,120,98
5/20/2019,1,8,61,2709,122,91
5/21/2019,1,8,60,2973,111,97
5/22/2019,1,8,62,2753,102,94
5/23/2019,1,8,72,3120,103,97
5/24/2019,1,8,74,3363,133,98
5/25/2019,1,8,95,2614,132,92
5/26/2019,1,8,57,3290,107,91
5/27/2019,1,8,58,3097,132,96
5/28/2019,1,8,69,3245,120,92
5/29/2019,1,8,84,3152,122,98
5/30/2019,1,8,71,2935,111,97
5/31/2019,1,8,106,3188,106,93
6/1/2019,1,8,110,3106,111,93
6/2/2019,1,8,67,2730,135,91
6/3/2019,1,8,85,2898,131,98
6/4/2019,1,8,72,2539,119,94
6/5/2019,1,8,88,2766,128,97
6/6/2019,1,8,70,2907,119,91
6/7/2019,1,8,83,3383,114,95
6/8/2019,1,8,87,3197,115,93
6/9/2019,1,8,51,2946,129,98
6/10/2019,1,8,80,2576,112,95
6/11/2019,1,8,64,2552,127,98
6/12/2019,1,8,70,3024,121,95
6/13/2019,1,8,88,2597,111,93
6/14/2019,1,8,81,2668,135,96
6/15/2019,1,8,91,3094,101,93
6/16/2019,1,8,60,2747,120,97
6/17/2019,1,8,99,2914,108,94
6/18/2019,1,8,97,2976,119,98
6/19/2019,1,8,81,2530,120,98
6/20/2019,1,8,84,3013,108,93
6/21/2019,1,8,101,2519,123,97
6/22/2019,1,8,97,3409,112,96
6/23/2019,1,8,58,2805,125,97
6/24/2019,1,8,64,2700,126,94
6/25/2019,1,8,81,2555,116,94
6/26/2019,1,8,82,2923,103,91
6/27/2019,1,8,100,3156,118,98
6/28/2019,1,8,100,3406,132,91
6/29/2019,1,8,101,2666,111,96
6/30/2019,1,8,68,2752,117,93
7/1/2019,1,8,81,2531,109,92
7/2/2019,1,8,73,2943,110,93
7/3/2019,1,8,82,2893,104,91
7/4/2019,1,8,85,2870,135,94
7/5/2019,1,8,96,3207,110,93
7/6/2019,1,8,100,3091,114,91
7/7/2019,1,8,56,3090,135,95
7/8/2019,1,8,100,3114,133,91
7/9/2019,1,8,75,3415,113,92
7/10/2019,1,8,78,2740,124,97
7/11/2019,1,8,77,2736,122,97
7/12/2019,1,8,73,3035,124,92
7/13/2019,1,8,105,2554,135,92
7/14/2019,1,8,57,2508,132,91
7/15/2019,1,8,77,3040,115,92
7/16/2019,1,8,87,3214,123,94
7/17/2019,1,8,84,3327,110,98
7/18/2019,1,8,98,3177,119,91
7/19/2019,1,8,87,3186,108,92
7/20/2019,1,8,94,3161,102,96
7/21/2019,1,8,69,3165,132,92
7/22/2019,1,8,86,3115,130,97
7/23/2019,1,8,79,3130,113,95
7/24/2019,1,8,91,3323,124,94
7/25/2019,1,8,89,3422,104,93
7/26/2019,1,8,91,2789,104,96
7/27/2019,1,8,100,3044,105,95
7/28/2019,1,8,63,2685,131,98
7/29/2019,1,8,88,3366,123,95
7/30/2019,1,8,75,2883,126,97
7/31/2019,1,8,82,2899,120,91
8/1/2019,1,8,82,3277,115,98
8/2/2019,1,8,85,2692,106,95
8/3/2019,1,8,97,3047,135,94
8/4/2019,1,8,48,2729,105,91
8/5/2019,1,8,73,2565,105,94
8/6/2019,1,8,65,2604,107,91
8/7/2019,1,8,84,2872,128,96
8/8/2019,1,8,84,2908,112,93
8/9/2019,1,8,76,2687,105,93
8/10/2019,1,8,81,3418,107,96
8/11/2019,1,8,59,2560,117,97
8/12/2019,1,8,72,2864,130,95
8/13/2019,1,8,71,2820,128,96
8/14/2019,1,8,65,3320,115,95
8/15/2019,1,8,86,2766,129,91
8/16/2019,1,8,74,2798,118,94
8/17/2019,1,8,93,3236,112,91
8/18/2019,1,8,63,3470,118,92
8/19/2019,1,8,62,2829,135,96
8/20/2019,1,8,76,2952,131,93
8/21/2019,1,8,67,3400,134,92
8/22/2019,1,8,84,3194,129,98
8/23/2019,1,8,85,3053,129,98
8/24/2019,1,8,84,2544,110,92
8/25/2019,1,8,56,3199,109,98
8/26/2019,1,8,70,2548,123,94
8/27/2019,1,8,63,2658,125,97
8/28/2019,1,8,64,3476,117,92
8/29/2019,1,8,76,3123,116,91
8/30/2019,1,8,81,3251,116,95
8/31/2019,1,8,75,3385,114,97
9/1/2019,1,8,51,3093,135,96
9/2/2019,1,8,72,2920,135,95
9/3/2019,1,8,59,3006,108,96
9/4/2019,1,8,53,2830,105,96
9/5/2019,1,8,84,2977,112,92
9/6/2019,1,8,77,2537,107,97
9/7/2019,1,8,95,2773,110,92
9/8/2019,1,8,63,3081,133,97
9/9/2019,1,8,73,2812,131,97
9/10/2019,1,8,56,2529,125,94
9/11/2019,1,8,69,3490,124,91
9/12/2019,1,8,79,2765,108,98
9/13/2019,1,8,77,3138,123,95
9/14/2019,1,8,95,3394,101,97
9/15/2019,1,8,58,2542,116,91
9/16/2019,1,8,62,3399,122,92
9/17/2019,1,8,65,3356,112,96
9/18/2019,1,8,75,2999,129,91
9/19/2019,1,8,84,2954,111,98
9/20/2019,1,8,80,3295,115,91
9/21/2019,1,8,78,2541,111,92
9/22/2019,1,8,50,2622,110,98
9/23/2019,1,8,61,2977,119,94
9/24/2019,1,8,69,2873,122,91
9/25/2019,1,8,65,3222,111,96
9/26/2019,1,8,61,3181,109,98
9/27/2019,1,8,86,3391,115,93
9/28/2019,1,8,88,3132,115,92
9/29/2019,1,8,77,2988,103,92
9/30/2019,1,8,66,3023,104,93
10/1/2019,1,8,53,3272,118,97
10/2/2019,1,8,60,2938,124,93
10/3/2019,1,8,60,2992,131,98
10/4/2019,1,8,88,2624,123,92
10/5/2019,1,8,88,3129,107,92
10/6/2019,1,8,53,2959,135,92
10/7/2019,1,8,50,3354,135,91
10/8/2019,1,8,64,2596,111,92
10/9/2019,1,8,61,3231,119,92
10/10/2019,1,8,68,2643,122,93
10/11/2019,1,8,82,3214,126,91
10/12/2019,1,8,76,3135,133,97
10/13/2019,1,8,43,3152,115,96
10/14/2019,1,8,54,2994,116,91
10/15/2019,1,8,67,3410,131,92
10/16/2019,1,8,53,2817,116,92
10/17/2019,1,8,76,2740,120,91
10/18/2019,1,8,77,2645,135,92
10/19/2019,1,8,86,2808,122,98
10/20/2019,1,8,54,3122,132,98
10/21/2019,1,8,73,3374,125,91
10/22/2019,1,8,62,3317,110,96
10/23/2019,1,8,79,2674,122,94
10/24/2019,1,8,74,2898,111,92
10/25/2019,1,8,79,3249,114,96
10/26/2019,1,8,98,3382,104,94
10/27/2019,1,8,58,3446,116,91
10/28/2019,1,8,55,3079,104,95
10/29/2019,1,8,52,2626,111,96
10/30/2019,1,8,57,3282,124,93
10/31/2019,1,8,60,3212,105,91
11/1/2019,1,8,83,3499,112,97
11/2/2019,1,8,79,3061,116,98
11/3/2019,1,8,57,3315,134,95
11/4/2019,1,8,60,3490,101,93
11/5/2019,1,8,57,3256,122,91
11/6/2019,1,8,63,2928,105,93
11/7/2019,1,8,85,2974,130,93
11/8/2019,1,8,73,2517,135,96
11/9/2019,1,8,90,2681,109,92
11/10/2019,1,8,70,2807,123,96
11/11/2019,1,8,68,3027,117,93
11/12/2019,1,8,61,2855,116,92
11/13/2019,1,8,84,2713,130,96
11/14/2019,1,8,83,2642,113,91
11/15/2019,1,8,92,2782,119,91
11/16/2019,1,8,90,2534,106,91
11/17/2019,1,8,61,2586,130,91
11/18/2019,1,8,75,2805,120,98
11/19/2019,1,8,57,3248,120,91
11/20/2019,1,8,68,3155,104,91
11/21/2019,1,8,80,2904,120,96
11/22/2019,1,8,62,2538,128,94
11/23/2019,1,8,88,3161,116,95
11/24/2019,1,8,58,3106,133,98
11/25/2019,1,8,76,2736,133,93
11/26/2019,1,8,72,3466,115,98
11/27/2019,1,8,76,3250,131,95
11/28/2019,1,8,73,3361,133,93
11/29/2019,1,8,68,2962,104,91
11/30/2019,1,8,82,3411,101,98
12/1/2019,1,8,37,2864,135,98
12/2/2019,1,8,45,3345,105,91
12/3/2019,1,8,47,3162,117,94
12/4/2019,1,8,47,3253,124,92
12/5/2019,1,8,51,2500,117,93
12/6/2019,1,8,53,2771,128,91
12/7/2019,1,8,60,3329,129,94
12/8/2019,1,8,29,3231,107,92
12/9/2019,1,8,52,2685,106,98
12/10/2019,1,8,44,2983,103,97
12/11/2019,1,8,45,3474,113,91
12/12/2019,1,8,64,2946,126,97
12/13/2019,1,8,43,2559,111,97
12/14/2019,1,8,68,2674,108,96
12/15/2019,1,8,37,2940,128,93
12/16/2019,1,8,50,2785,134,98
12/17/2019,1,8,43,2703,103,96
12/18/2019,1,8,46,2727,125,96
12/19/2019,1,8,49,3057,103,94
12/20/2019,1,8,57,2572,106,95
12/21/2019,1,8,62,3090,105,92
12/22/2019,1,8,40,2584,105,97
12/23/2019,1,8,47,2920,109,92
12/24/2019,1,8,51,2973,103,98
12/25/2019,1,8,54,2611,132,97
12/26/2019,1,8,42,3148,132,96
12/27/2019,1,8,53,3485,123,94
12/28/2019,1,8,60,2940,111,94
12/29/2019,1,8,41,2950,110,91
12/30/2019,1,8,48,2858,115,95
12/31/2019,1,8,35,3194,124,97
1/1/2020,1,8,41,3375,133,98
1/2/2020,1,8,41,2633,106,98
1/3/2020,1,8,49,3473,103,91
1/4/2020,1,8,58,2516,132,91
1/5/2020,1,8,43,2560,132,96
1/6/2020,1,8,43,3462,120,94
1/7/2020,1,8,40,3085,119,97
1/8/2020,1,8,39,2507,104,96
1/9/2020,1,8,32,2661,130,97
1/10/2020,1,8,50,2826,134,97
1/11/2020,1,8,58,3014,104,96
1/12/2020,1,8,48,2616,132,92
1/13/2020,1,8,49,2791,105,98
1/14/2020,1,8,37,3076,120,98
1/15/2020,1,8,48,3027,129,92
1/16/2020,1,8,54,2782,129,95
1/17/2020,1,8,49,3180,128,91
1/18/2020,1,8,56,2641,126,93
1/19/2020,1,8,49,3354,123,95
1/20/2020,1,8,58,2890,114,96
1/21/2020,1,8,42,2902,101,93
1/22/2020,1,8,54,2962,131,96
1/23/2020,1,8,45,3487,120,92
1/24/2020,1,8,59,3067,114,95
1/25/2020,1,8,62,3235,118,93
1/26/2020,1,8,28,2822,115,96
1/27/2020,1,8,54,3105,117,94
1/28/2020,1,8,45,2678,105,92
1/29/2020,1,8,53,2937,121,94
1/30/2020,1,8,58,2592,135,97
1/31/2020,1,8,53,2764,102,95
2/1/2020,1,8,59,2523,108,95
2/2/2020,1,8,43,3242,120,97
2/3/2020,1,8,45,2592,122,95
2/4/2020,1,8,56,2642,130,98
2/5/2020,1,8,47,2553,105,92
2/6/2020,1,8,66,3319,124,95
2/7/2020,1,8,57,3218,103,98
2/8/2020,1,8,71,3015,101,93
2/9/2020,1,8,45,3114,119,95
2/10/2020,1,8,56,3132,110,97
2/11/2020,1,8,49,2947,126,98
2/12/2020,1,8,55,2612,126,92
2/13/2020,1,8,57,2644,112,94
2/14/2020,1,8,56,3235,129,94
2/15/2020,1,8,46,2968,109,93
2/16/2020,1,8,41,3239,118,94
2/17/2020,1,8,39,3457,106,96
2/18/2020,1,8,46,2857,135,94
2/19/2020,1,8,57,3160,120,96
2/20/2020,1,8,56,2903,104,92
2/21/2020,1,8,48,3022,130,96
2/22/2020,1,8,46,3416,115,94
2/23/2020,1,8,41,3368,135,95
2/24/2020,1,8,54,3201,102,95
2/25/2020,1,8,41,3416,111,93
2/26/2020,1,8,59,3330,123,92
2/27/2020,1,8,37,3238,131,96
2/28/2020,1,8,70,3272,132,98
3/1/2020,1,8,73,2811,116,97
3/2/2020,1,8,54,2586,128,97
3/3/2020,1,8,63,3020,113,92
3/4/2020,1,8,58,3161,117,93
3/5/2020,1,8,65,2573,101,93
3/6/2020,1,8,74,2761,109,96
3/7/2020,1,8,79,3159,112,94
3/8/2020,1,8,73,3407,126,96
3/9/2020,1,8,54,2628,117,91
3/10/2020,1,8,53,2513,124,97
3/11/2020,1,8,67,2882,118,92
3/12/2020,1,8,67,3114,121,98
3/13/2020,1,8,70,2798,133,95
3/14/2020,1,8,75,2890,135,92
3/15/2020,1,8,81,2515,101,94
3/16/2020,1,8,40,3233,120,96
3/17/2020,1,8,57,2564,130,96
3/18/2020,1,8,58,3410,103,98
3/19/2020,1,8,69,3012,117,96
3/20/2020,1,8,68,2789,107,93
3/21/2020,1,8,63,2823,126,95
3/22/2020,1,8,80,2530,111,98
3/23/2020,1,8,50,3235,128,93
3/24/2020,1,8,60,2821,106,92
3/25/2020,1,8,70,2757,131,98
3/26/2020,1,8,62,2678,117,93
3/27/2020,1,8,65,2901,116,93
3/28/2020,1,8,69,3268,117,95
3/29/2020,1,8,71,2506,118,97
3/30/2020,1,8,52,3426,135,98
3/31/2020,1,8,63,3170,117,97
4/1/2020,1,8,60,2735,129,97
4/2/2020,1,8,71,3322,111,95
4/3/2020,1,8,87,3343,114,94
4/4/2020,1,8,75,3214,128,91
4/5/2020,1,8,91,3357,106,93
4/6/2020,1,8,49,3228,105,94
4/7/2020,1,8,86,2987,129,92
4/8/2020,1,8,72,3313,116,92
4/9/2020,1,8,71,3314,103,96
4/10/2020,1,8,83,2786,132,96
4/11/2020,1,8,77,3416,115,95
4/12/2020,1,8,82,2856,126,91
4/13/2020,1,8,63,2635,129,95
4/14/2020,1,8,81,3404,132,97
4/15/2020,1,8,57,3249,108,91
4/16/2020,1,8,71,2800,109,92
4/17/2020,1,8,69,2976,110,97
4/18/2020,1,8,84,3056,113,96
4/19/2020,1,8,89,3475,103,98
4/20/2020,1,8,55,2694,133,97
4/21/2020,1,8,80,2504,113,92
4/22/2020,1,8,51,2549,108,93
4/23/2020,1,8,49,2864,130,95
4/24/2020,1,8,86,2524,135,92
4/25/2020,1,8,68,3001,101,97
4/26/2020,1,8,103,3319,129,91
4/27/2020,1,8,61,2738,128,97
4/28/2020,1,8,75,3289,102,98
4/29/2020,1,8,60,3287,120,98
4/30/2020,1,8,73,2882,111,92
5/1/2020,1,8,79,2795,123,96
5/2/2020,1,8,84,2899,104,95
5/3/2020,1,8,102,3140,114,93
5/4/2020,1,8,50,2970,108,97
5/5/2020,1,8,62,2838,120,95
5/6/2020,1,8,75,3080,116,94
5/7/2020,1,8,70,3192,102,94
5/8/2020,1,8,72,3291,109,94
5/9/2020,1,8,88,2568,105,94
5/10/2020,1,8,93,2737,110,91
5/11/2020,1,8,53,3477,117,94
5/12/2020,1,8,70,2738,126,92
5/13/2020,1,8,90,2637,119,97
5/14/2020,1,8,79,2920,113,96
5/15/2020,1,8,81,2923,135,98
5/16/2020,1,8,72,2617,130,97
5/17/2020,1,8,81,3216,130,98
5/18/2020,1,8,55,3490,112,95
5/19/2020,1,8,55,2878,125,91
5/20/2020,1,8,76,2578,125,98
5/21/2020,1,8,69,2725,112,93
5/22/2020,1,8,82,2733,114,96
5/23/2020,1,8,83,3183,112,94
5/24/2020,1,8,93,2521,106,97
5/25/2020,1,8,62,3034,111,93
5/26/2020,1,8,79,2636,117,97
5/27/2020,1,8,62,2521,133,98
5/28/2020,1,8,69,2747,110,92
5/29/2020,1,8,77,2984,110,98
5/30/2020,1,8,92,3486,125,94
5/31/2020,1,8,80,3003,134,91
6/1/2020,1,8,67,3358,115,91
6/2/2020,1,8,73,2543,135,93
6/3/2020,1,8,78,3062,120,97
6/4/2020,1,8,89,2598,133,97
6/5/2020,1,8,100,2734,135,97
6/6/2020,1,8,106,2539,113,94
6/7/2020,1,8,108,3189,123,97
6/8/2020,1,8,66,3068,125,95
6/9/2020,1,8,89,3083,107,92
6/10/2020,1,8,76,3379,115,91
6/11/2020,1,8,85,3424,112,94
6/12/2020,1,8,88,2914,112,97
6/13/2020,1,8,96,3198,126,96
6/14/2020,1,8,106,2794,121,94
6/15/2020,1,8,62,2705,103,92
6/16/2020,1,8,75,2739,102,97
6/17/2020,1,8,72,2969,122,94
6/18/2020,1,8,86,3289,104,97
6/19/2020,1,8,95,2552,103,94
6/20/2020,1,8,111,2785,131,93
6/21/2020,1,8,98,2584,131,91
6/22/2020,1,8,55,3121,129,91
6/23/2020,1,8,74,2872,115,97
6/24/2020,1,8,68,3462,103,96
6/25/2020,1,8,91,2781,101,93
6/26/2020,1,8,94,3445,135,92
6/27/2020,1,8,76,2531,106,92
6/28/2020,1,8,85,3409,109,95
6/29/2020,1,8,81,2790,111,94
6/30/2020,1,8,74,3063,113,97
7/1/2020,1,8,81,2907,113,96
7/2/2020,1,8,98,2725,102,93
7/3/2020,1,8,93,2656,108,98
7/4/2020,1,8,108,2740,106,91
7/5/2020,1,8,103,3228,120,91
7/6/2020,1,8,70,2647,113,96
7/7/2020,1,8,88,2726,107,96
7/8/2020,1,8,85,3038,114,98
7/9/2020,1,8,87,3349,130,96
7/10/2020,1,8,100,3198,115,97
7/11/2020,1,8,114,3090,108,93
7/12/2020,1,8,101,3089,101,94
7/13/2020,1,8,52,3063,121,93
7/14/2020,1,8,84,2588,110,95
7/15/2020,1,8,65,3399,124,96
7/16/2020,1,8,89,2683,131,92
7/17/2020,1,8,99,2796,124,96
7/18/2020,1,8,89,2871,119,96
7/19/2020,1,8,89,2916,111,94
7/20/2020,1,8,75,3109,132,97
7/21/2020,1,8,87,2584,103,97
7/22/2020,1,8,66,2923,111,95
7/23/2020,1,8,98,2704,113,94
7/24/2020,1,8,91,3354,110,95
7/25/2020,1,8,101,3446,120,98
7/26/2020,1,8,102,2582,123,92
7/27/2020,1,8,52,3112,128,97
7/28/2020,1,8,79,2981,108,97
7/29/2020,1,8,94,2567,127,94
7/30/2020,1,8,80,2737,118,91
7/31/2020,1,8,82,3218,106,98
8/1/2020,1,8,89,2640,113,94
8/2/2020,1,8,94,3334,119,96
8/3/2020,1,8,66,2926,130,93
8/4/2020,1,8,70,3132,122,96
8/5/2020,1,8,77,3362,104,96
8/6/2020,1,8,88,3492,125,98
8/7/2020,1,8,94,2652,112,95
8/8/2020,1,8,92,3395,109,91
8/9/2020,1,8,86,2621,129,97
8/10/2020,1,8,54,2708,105,94
8/11/2020,1,8,78,3122,129,94
8/12/2020,1,8,80,3305,116,95
8/13/2020,1,8,65,2984,134,94
8/14/2020,1,8,74,2999,110,97
8/15/2020,1,8,83,3088,118,94
8/16/2020,1,8,92,3139,112,95
8/17/2020,1,8,59,2934,103,96
8/18/2020,1,8,75,3203,119,91
8/19/2020,1,8,80,2922,126,95
8/20/2020,1,8,88,3323,110,92
8/21/2020,1,8,70,3384,102,93
8/22/2020,1,8,84,2678,119,96
8/23/2020,1,8,100,2848,122,97
8/24/2020,1,8,58,3199,101,95
8/25/2020,1,8,66,3281,127,93
8/26/2020,1,8,81,2559,105,93
8/27/2020,1,8,74,3080,129,92
8/28/2020,1,8,81,3148,108,98
8/29/2020,1,8,84,3219,135,94
8/30/2020,1,8,112,2710,114,92
8/31/2020,1,8,61,3370,135,95
9/1/2020,1,8,56,2651,108,92
9/2/2020,1,8,62,3172,109,98
9/3/2020,1,8,74,3001,126,91
9/4/2020,1,8,82,2538,111,92
9/5/2020,1,8,85,3328,107,91
9/6/2020,1,8,95,2737,134,98
9/7/2020,1,8,57,3488,112,98
9/8/2020,1,8,83,3384,127,92
9/9/2020,1,8,69,2915,105,93
9/10/2020,1,8,86,3198,133,92
9/11/2020,1,8,75,2935,119,98
9/12/2020,1,8,74,3132,113,94
9/13/2020,1,8,96,2758,111,92
9/14/2020,1,8,59,2768,132,92
9/15/2020,1,8,75,2507,129,91
9/16/2020,1,8,74,2595,118,98
9/17/2020,1,8,61,3454,117,92
9/18/2020,1,8,83,3105,120,98
9/19/2020,1,8,85,3268,108,97
9/20/2020,1,8,83,3441,124,96
9/21/2020,1,8,56,2685,119,97
9/22/2020,1,8,83,2668,106,91
9/23/2020,1,8,60,3052,117,96
9/24/2020,1,8,71,2897,129,93
9/25/2020,1,8,60,2734,120,98
9/26/2020,1,8,78,3452,135,97
9/27/2020,1,8,85,3358,135,94
9/28/2020,1,8,58,2998,109,91
9/29/2020,1,8,76,3455,114,91
9/30/2020,1,8,58,3276,108,93
10/1/2020,1,8,62,2779,104,94
10/2/2020,1,8,90,2614,135,94
10/3/2020,1,8,86,2598,105,93
10/4/2020,1,8,72,3470,130,98
10/5/2020,1,8,61,3269,124,97
10/6/2020,1,8,56,3269,122,98
10/7/2020,1,8,53,3046,123,93
10/8/2020,1,8,63,3427,117,94
10/9/2020,1,8,68,3389,125,93
10/10/2020,1,8,82,3438,111,95
10/11/2020,1,8,88,2651,103,95
10/12/2020,1,8,64,3128,114,98
10/13/2020,1,8,63,3155,109,93
10/14/2020,1,8,54,3486,113,98
10/15/2020,1,8,65,2749,134,92
10/16/2020,1,8,77,2530,132,96
10/17/2020,1,8,83,3186,126,98
10/18/2020,1,8,66,3469,116,97
10/19/2020,1,8,39,2882,123,95
10/20/2020,1,8,59,2657,123,93
10/21/2020,1,8,54,2764,124,91
10/22/2020,1,8,72,2965,118,91
10/23/2020,1,8,71,3217,106,93
10/24/2020,1,8,81,3446,107,92
10/25/2020,1,8,85,2516,134,91
10/26/2020,1,8,57,2690,130,97
10/27/2020,1,8,64,3470,129,95
10/28/2020,1,8,61,3215,125,97
10/29/2020,1,8,63,3241,133,93
10/30/2020,1,8,71,2832,134,91
10/31/2020,1,8,79,3138,114,94
11/1/2020,1,8,68,3485,104,92
11/2/2020,1,8,66,2785,126,95
11/3/2020,1,8,64,2961,132,97
11/4/2020,1,8,87,3281,123,96
11/5/2020,1,8,64,2994,110,92
11/6/2020,1,8,80,2581,123,98
11/7/2020,1,8,71,3194,122,96
11/8/2020,1,8,81,3347,134,98
11/9/2020,1,8,59,2882,117,95
11/10/2020,1,8,67,3223,113,91
11/11/2020,1,8,58,2852,103,95
11/12/2020,1,8,84,3310,117,97
11/13/2020,1,8,69,2996,102,93
11/14/2020,1,8,86,3392,104,94
11/15/2020,1,8,73,3391,129,97
11/16/2020,1,8,72,3436,109,94
11/17/2020,1,8,75,3270,109,92
11/18/2020,1,8,68,2750,114,93
11/19/2020,1,8,60,2758,113,96
11/20/2020,1,8,88,2857,112,95
11/21/2020,1,8,71,3278,123,94
11/22/2020,1,8,81,2748,106,94
11/23/2020,1,8,61,2991,119,92
11/24/2020,1,8,63,2996,135,94
11/25/2020,1,8,65,3175,112,91
11/26/2020,1,8,74,3014,111,97
11/27/2020,1,8,85,3086,105,97
11/28/2020,1,8,85,3188,116,97
11/29/2020,1,8,79,2758,103,97
11/30/2020,1,8,58,2767,114,98
12/1/2020,1,8,48,3138,124,96
12/2/2020,1,8,48,3422,123,96
12/3/2020,1,8,57,3274,114,93
12/4/2020,1,8,52,3198,130,93
12/5/2020,1,8,60,3145,120,97
12/6/2020,1,8,64,2784,134,91
12/7/2020,1,8,45,2823,102,91
12/8/2020,1,8,43,3331,114,93
12/9/2020,1,8,44,3181,129,93
12/10/2020,1,8,49,2888,129,91
12/11/2020,1,8,50,2573,109,98
12/12/2020,1,8,44,2664,105,93
12/13/2020,1,8,69,3027,131,91
12/14/2020,1,8,43,3306,124,92
12/15/2020,1,8,50,2945,115,92
12/16/2020,1,8,48,2820,115,93
12/17/2020,1,8,42,2769,122,93
12/18/2020,1,8,58,2597,103,93
12/19/2020,1,8,73,2973,105,93
12/20/2020,1,8,61,3407,113,94
12/21/2020,1,8,63,3130,107,91
12/22/2020,1,8,48,3155,114,98
12/23/2020,1,8,50,3351,103,98
12/24/2020,1,8,62,2900,130,97
12/25/2020,1,8,76,2834,117,93
12/26/2020,1,8,51,3206,111,97
12/27/2020,1,8,74,3146,116,93
12/28/2020,1,8,47,2543,109,98
12/29/2020,1,8,59,3403,107,97
12/30/2020,1,8,55,3203,125,95
12/31/2020,1,8,61,3235,108,98
1/1/2021,1,8,56,3290,126,94
1/2/2021,1,8,68,2728,129,92
1/3/2021,1,8,58,3225,134,91
1/4/2021,1,8,41,3456,113,95
1/5/2021,1,8,43,2791,135,93
1/6/2021,1,8,58,3091,116,97
1/7/2021,1,8,42,2529,106,96
1/8/2021,1,8,50,2516,134,96
1/9/2021,1,8,57,3016,133,92
1/10/2021,1,8,54,2897,110,97
1/11/2021,1,8,36,3329,132,92
1/12/2021,1,8,50,2855,121,97
1/13/2021,1,8,39,3117,105,96
1/14/2021,1,8,54,3467,101,96
1/15/2021,1,8,55,2760,116,96
1/16/2021,1,8,67,2905,115,93
1/17/2021,1,8,83,2717,130,94
1/18/2021,1,8,39,2871,101,95
1/19/2021,1,8,43,2728,109,97
1/20/2021,1,8,45,2616,117,93
1/21/2021,1,8,47,2674,132,93
1/22/2021,1,8,53,2808,108,96
1/23/2021,1,8,59,2578,105,95
1/24/2021,1,8,49,3101,116,92
1/25/2021,1,8,41,2501,131,92
1/26/2021,1,8,46,3242,122,97
1/27/2021,1,8,44,2711,110,92
1/28/2021,1,8,46,3143,101,94
1/29/2021,1,8,55,3248,116,98
1/30/2021,1,8,62,2593,110,95
1/31/2021,1,8,62,2876,106,96
2/1/2021,1,8,41,2740,133,95
2/2/2021,1,8,49,3021,122,91
2/3/2021,1,8,57,3050,109,94
2/4/2021,1,8,59,2823,104,92
2/5/2021,1,8,63,3195,122,95
2/6/2021,1,8,72,2765,107,95
2/7/2021,1,8,75,2985,132,98
2/8/2021,1,8,43,3439,135,91
2/9/2021,1,8,48,2916,125,95
2/10/2021,1,8,36,3103,110,97
2/11/2021,1,8,53,3436,131,92
2/12/2021,1,8,60,2736,123,96
2/13/2021,1,8,74,2802,118,91
2/14/2021,1,8,73,3139,134,93
2/15/2021,1,8,31,2815,129,91
2/16/2021,1,8,63,3066,113,94
2/17/2021,1,8,57,3411,104,94
2/18/2021,1,8,68,3026,109,95
2/19/2021,1,8,69,3295,115,98
2/20/2021,1,8,55,3091,123,91
2/21/2021,1,8,78,3058,117,96
2/22/2021,1,8,43,3282,115,97
2/23/2021,1,8,44,2726,112,97
2/24/2021,1,8,66,3020,108,93
2/25/2021,1,8,59,2780,130,97
2/26/2021,1,8,54,2572,120,92
2/27/2021,1,8,68,2706,113,96
2/28/2021,1,8,71,2687,109,97
2/29/2021,1,8,44,2559,110,91
3/1/2021,1,8,64,3081,118,92
3/2/2021,1,8,54,3263,124,94
3/3/2021,1,8,61,2502,101,95
3/4/2021,1,8,54,2790,114,97
3/5/2021,1,8,88,2608,118,97
3/6/2021,1,8,77,3240,129,97
3/7/2021,1,8,50,3400,107,92
3/8/2021,1,8,66,2665,117,96
3/9/2021,1,8,58,3115,130,92
3/10/2021,1,8,68,3214,101,92
3/11/2021,1,8,75,2873,128,92
3/12/2021,1,8,86,2772,109,96
3/13/2021,1,8,92,2950,114,97
3/14/2021,1,8,54,3056,130,95
3/15/2021,1,8,68,2985,102,94
3/16/2021,1,8,75,3338,134,96
3/17/2021,1,8,66,2858,108,97
3/18/2021,1,8,68,2977,116,95
3/19/2021,1,8,82,2975,112,91
3/20/2021,1,8,82,3484,102,91
3/21/2021,1,8,61,2977,134,98
3/22/2021,1,8,56,2938,112,97
3/23/2021,1,8,77,2680,121,92
3/24/2021,1,8,67,3223,127,91
3/25/2021,1,8,74,2867,131,93
3/26/2021,1,8,87,3321,118,95
3/27/2021,1,8,93,3255,112,93
3/28/2021,1,8,66,3094,107,98
3/29/2021,1,8,54,2816,114,91
3/30/2021,1,8,64,2501,123,98
3/31/2021,1,8,85,2586,110,96
4/1/2021,1,8,83,3227,103,97
4/2/2021,1,8,99,3430,106,95
4/3/2021,1,8,106,2816,110,95
4/4/2021,1,8,61,3107,119,98
4/5/2021,1,8,70,2983,119,97
4/6/2021,1,8,70,2853,105,97
4/7/2021,1,8,80,2677,118,98
4/8/2021,1,8,86,3402,113,97
4/9/2021,1,8,97,2750,101,98
4/10/2021,1,8,97,3407,106,98
4/11/2021,1,8,58,3261,122,97
4/12/2021,1,8,82,3415,129,95
4/13/2021,1,8,74,3302,107,91
4/14/2021,1,8,69,3352,125,98
4/15/2021,1,8,77,3058,125,92
4/16/2021,1,8,83,3216,120,93
4/17/2021,1,8,72,3408,110,98
4/18/2021,1,8,43,2611,111,98
4/19/2021,1,8,77,3282,110,91
4/20/2021,1,8,82,2768,104,94
4/21/2021,1,8,89,3217,102,98
4/22/2021,1,8,80,2787,129,95
4/23/2021,1,8,100,3482,109,91
4/24/2021,1,8,101,3161,109,93
4/25/2021,1,8,65,2610,135,94
4/26/2021,1,8,79,2938,110,98
4/27/2021,1,8,68,3097,120,93
4/28/2021,1,8,85,3127,117,93
4/29/2021,1,8,95,3229,131,96
4/30/2021,1,8,100,2850,119,97
5/1/2021,1,8,105,3142,101,95
5/2/2021,1,8,69,3448,132,97
5/3/2021,1,8,74,2946,111,91
5/4/2021,1,8,82,3025,131,92
5/5/2021,1,8,80,3027,122,94
5/6/2021,1,8,103,2678,101,92
5/7/2021,1,8,79,3004,110,91
5/8/2021,1,8,110,2706,133,92
5/9/2021,1,8,64,2910,133,95
5/10/2021,1,8,62,3107,108,95
5/11/2021,1,8,83,3465,119,96
5/12/2021,1,8,90,3335,105,95
5/13/2021,1,8,85,2633,113,98
5/14/2021,1,8,99,2874,127,94
5/15/2021,1,8,100,3351,118,96
5/16/2021,1,8,73,3445,111,95
5/17/2021,1,8,79,2645,107,94
5/18/2021,1,8,86,2847,110,96
5/19/2021,1,8,70,3002,106,97
5/20/2021,1,8,82,3463,104,96
5/21/2021,1,8,88,3081,131,94
5/22/2021,1,8,116,3464,135,97
5/23/2021,1,8,77,3395,129,95
5/24/2021,1,8,73,3291,104,97
5/25/2021,1,8,77,3104,110,95
5/26/2021,1,8,99,3213,107,93
5/27/2021,1,8,86,3393,135,96
5/28/2021,1,8,81,2904,111,95
5/29/2021,1,8,97,3074,128,98
5/30/2021,1,8,59,3136,110,92
5/31/2021,1,8,83,2715,102,97
6/1/2021,1,8,80,2930,103,91
6/2/2021,1,8,94,2612,126,94
6/3/2021,1,8,96,3209,131,92
6/4/2021,1,8,105,3396,131,98
6/5/2021,1,8,114,3379,108,95
6/6/2021,1,8,83,2741,109,93
6/7/2021,1,8,82,3233,120,93
6/8/2021,1,8,82,2862,133,98
6/9/2021,1,8,96,2986,112,93
6/10/2021,1,8,96,2766,116,98
6/11/2021,1,8,88,3316,130,95
6/12/2021,1,8,121,3040,113,95
6/13/2021,1,8,67,3471,107,92
6/14/2021,1,8,83,3263,115,97
6/15/2021,1,8,73,3345,120,93
6/16/2021,1,8,86,2583,126,92
6/17/2021,1,8,85,3196,126,98
6/18/2021,1,8,96,3367,128,95
6/19/2021,1,8,120,3263,103,97
6/20/2021,1,8,83,3174,123,93
6/21/2021,1,8,83,3218,115,93
6/22/2021,1,8,89,2730,115,95
6/23/2021,1,8,90,3491,134,96
6/24/2021,1,8,90,2786,128,94
6/25/2021,1,8,102,3290,101,95
6/26/2021,1,8,87,2591,134,92
6/27/2021,1,8,65,3257,124,93
6/28/2021,1,8,89,2843,116,95
6/29/2021,1,8,78,2506,113,93
6/30/2021,1,8,75,2984,111,92
7/1/2021,1,8,101,2815,131,96
7/2/2021,1,8,105,2992,124,98
7/3/2021,1,8,93,2841,111,95
7/4/2021,1,8,74,2753,119,92
7/5/2021,1,8,91,3055,112,93
7/6/2021,1,8,95,3385,115,96
7/7/2021,1,8,93,2675,102,95
7/8/2021,1,8,102,3286,115,95
7/9/2021,1,8,108,3042,130,96
7/10/2021,1,8,99,3293,104,93
7/11/2021,1,8,87,3120,114,96
7/12/2021,1,8,79,3366,106,95
7/13/2021,1,8,100,3297,121,98
7/14/2021,1,8,100,2898,111,95
7/15/2021,1,8,117,2573,116,95
7/16/2021,1,8,114,3075,132,97
7/17/2021,1,8,120,2809,117,92
7/18/2021,1,8,81,3444,122,96
7/19/2021,1,8,101,2755,117,95
7/20/2021,1,8,102,3146,132,92
7/21/2021,1,8,84,3427,101,96
7/22/2021,1,8,110,3192,118,97
7/23/2021,1,8,112,2926,111,91
7/24/2021,1,8,114,3080,121,93
7/25/2021,1,8,66,3145,118,92
7/26/2021,1,8,70,2684,117,92
7/27/2021,1,8,73,2687,110,98
7/28/2021,1,8,94,3036,122,94
7/29/2021,1,8,112,3411,102,96
7/30/2021,1,8,121,2582,117,98
7/31/2021,1,8,114,3339,114,97
8/1/2021,1,8,64,2525,105,96
8/2/2021,1,8,69,3386,128,96
8/3/2021,1,8,77,3475,134,94
8/4/2021,1,8,79,3201,121,92
8/5/2021,1,8,76,3008,121,96
8/6/2021,1,8,113,2794,124,97
8/7/2021,1,8,87,2962,110,98
8/8/2021,1,8,60,3031,115,97
8/9/2021,1,8,88,3476,128,91
8/10/2021,1,8,89,2962,104,97
8/11/2021,1,8,92,2746,113,92
8/12/2021,1,8,99,2897,126,98
8/13/2021,1,8,102,3491,128,93
8/14/2021,1,8,94,2735,106,98
8/15/2021,1,8,76,2679,134,93
8/16/2021,1,8,85,2562,124,91
8/17/2021,1,8,80,2631,118,95
8/18/2021,1,8,90,2567,103,91
8/19/2021,1,8,87,2864,130,94
8/20/2021,1,8,87,2911,121,91
8/21/2021,1,8,89,2563,105,92
8/22/2021,1,8,68,3298,113,98
8/23/2021,1,8,83,3259,102,94
8/24/2021,1,8,77,2705,119,95
8/25/2021,1,8,59,3161,118,92
8/26/2021,1,8,84,3431,126,91
8/27/2021,1,8,95,2791,114,94
8/28/2021,1,8,113,2640,106,95
8/29/2021,1,8,64,2619,132,96
8/30/2021,1,8,79,2829,125,98
8/31/2021,1,8,82,2686,134,94
9/1/2021,1,8,90,3418,103,92
9/2/2021,1,8,75,2515,118,94
9/3/2021,1,8,83,3216,121,98
9/4/2021,1,8,89,2916,106,97
9/5/2021,1,8,61,2711,105,95
9/6/2021,1,8,79,2553,134,92
9/7/2021,1,8,63,2902,125,94
9/8/2021,1,8,72,2690,117,93
9/9/2021,1,8,89,3378,122,97
9/10/2021,1,8,83,2847,124,91
9/11/2021,1,8,81,2639,115,93
9/12/2021,1,8,60,2740,117,98
9/13/2021,1,8,70,3229,103,96
9/14/2021,1,8,88,3167,104,91
9/15/2021,1,8,88,2738,125,98
9/16/2021,1,8,96,3383,120,95
9/17/2021,1,8,89,3376,115,98
9/18/2021,1,8,94,3316,105,94
9/19/2021,1,8,45,2608,109,93
9/20/2021,1,8,75,2623,120,92
9/21/2021,1,8,59,3340,112,91
9/22/2021,1,8,71,3003,128,97
9/23/2021,1,8,78,3473,109,91
9/24/2021,1,8,93,2636,116,98
9/25/2021,1,8,97,3451,121,94
9/26/2021,1,8,52,2850,112,98
9/27/2021,1,8,84,3291,111,95
9/28/2021,1,8,77,2723,128,98
9/29/2021,1,8,71,2780,116,97
9/30/2021,1,8,65,3341,116,92
10/1/2021,1,8,102,2921,104,91
10/2/2021,1,8,84,3260,104,92
10/3/2021,1,8,65,2808,132,95
10/4/2021,1,8,62,3483,111,93
10/5/2021,1,8,67,2990,130,94
10/6/2021,1,8,75,3000,127,98
10/7/2021,1,8,72,3476,108,91
10/8/2021,1,8,81,2531,119,95
10/9/2021,1,8,82,2803,118,95
10/10/2021,1,8,63,2896,128,95
10/11/2021,1,8,87,2674,117,94
10/12/2021,1,8,61,2777,130,91
10/13/2021,1,8,69,2537,118,95
10/14/2021,1,8,83,2876,134,98
10/15/2021,1,8,83,2719,132,91
10/16/2021,1,8,92,3407,130,96
10/17/2021,1,8,67,2663,115,95
10/18/2021,1,8,72,2792,114,91
10/19/2021,1,8,59,3430,104,91
10/20/2021,1,8,73,2683,130,95
10/21/2021,1,8,81,3437,104,91
10/22/2021,1,8,75,3274,105,98
10/23/2021,1,8,107,2915,131,98
10/24/2021,1,8,59,3367,123,94
10/25/2021,1,8,70,2887,106,98
10/26/2021,1,8,78,3079,126,92
10/27/2021,1,8,69,2599,126,92
10/28/2021,1,8,71,3346,127,95
10/29/2021,1,8,69,2910,114,93
10/30/2021,1,8,80,3378,102,96
10/31/2021,1,8,61,3485,134,95
11/1/2021,1,8,82,3371,118,95
11/2/2021,1,8,68,2625,101,97
11/3/2021,1,8,76,3270,123,97
11/4/2021,1,8,69,2944,126,91
11/5/2021,1,8,86,2518,130,97
11/6/2021,1,8,106,3126,123,91
11/7/2021,1,8,61,3062,109,98
11/8/2021,1,8,62,2619,132,95
11/9/2021,1,8,74,3031,102,98
11/10/2021,1,8,68,3131,124,91
11/11/2021,1,8,79,3440,128,94
11/12/2021,1,8,89,2876,126,91
11/13/2021,1,8,83,2848,109,98
11/14/2021,1,8,67,3438,108,94
11/15/2021,1,8,71,3332,131,94
11/16/2021,1,8,65,3014,103,94
11/17/2021,1,8,76,3180,133,92
11/18/2021,1,8,68,3117,114,98
11/19/2021,1,8,89,3126,109,96
11/20/2021,1,8,90,2883,105,92
11/21/2021,1,8,58,2723,101,94
11/22/2021,1,8,78,2947,110,95
11/23/2021,1,8,74,2747,126,96
11/24/2021,1,8,89,3316,123,96
11/25/2021,1,8,75,3103,127,97
11/26/2021,1,8,77,2604,134,93
11/27/2021,1,8,92,2884,128,96
11/28/2021,1,8,73,3477,126,97
11/29/2021,1,8,81,3173,121,91
11/30/2021,1,8,70,2885,128,95
12/1/2021,1,8,54,2790,127,92
12/2/2021,1,8,67,3194,124,97
12/3/2021,1,8,68,2904,128,96
12/4/2021,1,8,84,2554,108,95
12/5/2021,1,8,53,2812,117,91
12/6/2021,1,8,59,2710,133,96
12/7/2021,1,8,51,2612,107,95
12/8/2021,1,8,58,2559,126,96
12/9/2021,1,8,61,3277,122,91
12/10/2021,1,8,68,3181,109,92
12/11/2021,1,8,65,2793,121,91
12/12/2021,1,8,61,2625,120,92
12/13/2021,1,8,41,2664,111,94
12/14/2021,1,8,73,3393,135,93
12/15/2021,1,8,43,3403,111,92
12/16/2021,1,8,67,3261,133,94
12/17/2021,1,8,71,3056,117,92
12/18/2021,1,8,72,3178,118,94
12/19/2021,1,8,30,2972,102,97
12/20/2021,1,8,40,2825,116,91
12/21/2021,1,8,60,3378,110,94
12/22/2021,1,8,59,3162,124,91
12/23/2021,1,8,88,3064,113,91
12/24/2021,1,8,70,2572,116,98
12/25/2021,1,8,69,2824,114,98
12/26/2021,1,8,47,3177,135,97
12/27/2021,1,8,42,2623,104,95
12/28/2021,1,8,53,3281,135,91
12/29/2021,1,8,52,3071,129,98
12/30/2021,1,8,67,3419,134,94
12/31/2021,1,8,66,2755,120,95
1/1/2022,1,8,65,3222,125,95
1/2/2022,1,8,35,2942,126,97
1/3/2022,1,8,45,3173,130,93
1/4/2022,1,8,50,2511,133,97
1/5/2022,1,8,41,3185,109,95
1/6/2022,1,8,59,3038,135,97
1/7/2022,1,8,84,3143,121,97
1/8/2022,1,8,57,3006,127,95
1/9/2022,1,8,42,2842,127,98
1/10/2022,1,8,46,3003,126,95
1/11/2022,1,8,48,3132,130,92
1/12/2022,1,8,59,2799,110,95
1/13/2022,1,8,54,3247,104,92
1/14/2022,1,8,63,2838,104,96
1/15/2022,1,8,67,3187,123,93
1/16/2022,1,8,47,2716,132,97
1/17/2022,1,8,40,3031,126,91
1/18/2022,1,8,44,3278,121,92
1/19/2022,1,8,53,2666,106,92
1/20/2022,1,8,60,2568,116,98
1/21/2022,1,8,58,2510,115,94
1/22/2022,1,8,56,3111,117,95
1/23/2022,1,8,45,3110,113,95
1/24/2022,1,8,39,2946,105,95
1/25/2022,1,8,58,3458,106,93
1/26/2022,1,8,49,3470,129,97
1/27/2022,1,8,60,3483,129,93
1/28/2022,1,8,55,2692,103,93
1/29/2022,1,8,52,3162,118,96
1/30/2022,1,8,32,3364,113,94
1/31/2022,1,8,53,3461,130,98
2/1/2022,1,8,55,3277,105,91
2/2/2022,1,8,54,3024,106,97
2/3/2022,1,8,67,3363,106,95
2/4/2022,1,8,51,2842,132,95
2/5/2022,1,8,64,2589,120,94
2/6/2022,1,8,47,2714,128,98
2/7/2022,1,8,47,3306,132,92
2/8/2022,1,8,50,3453,123,98
2/9/2022,1,8,60,2712,133,91
2/10/2022,1,8,56,2657,113,98
2/11/2022,1,8,64,2934,124,94
2/12/2022,1,8,62,3284,122,98
2/13/2022,1,8,42,2945,130,94
2/14/2022,1,8,55,2972,116,95
2/15/2022,1,8,49,2536,112,96
2/16/2022,1,8,59,2894,112,91
2/17/2022,1,8,60,3285,125,97
2/18/2022,1,8,66,2743,134,95
2/19/2022,1,8,78,2674,108,95
2/20/2022,1,8,49,2762,128,96
2/21/2022,1,8,53,3089,122,93
2/22/2022,1,8,56,2652,104,93
2/23/2022,1,8,56,2870,131,92
2/24/2022,1,8,48,2810,117,97
2/25/2022,1,8,72,3140,104,97
2/26/2022,1,8,81,2867,101,94
2/27/2022,1,8,53,2976,102,95
2/28/2022,1,8,46,2706,107,91
3/1/2022,1,8,67,2748,106,98
3/2/2022,1,8,70,2799,115,92
3/3/2022,1,8,81,3386,110,91
3/4/2022,1,8,66,3086,126,93
3/5/2022,1,8,89,3238,127,94
3/6/2022,1,8,49,3263,116,93
3/7/2022,1,8,65,3162,120,94
3/8/2022,1,8,64,3210,116,96
3/9/2022,1,8,91,3355,109,98
3/10/2022,1,8,75,2523,121,97
3/11/2022,1,8,89,2536,105,94
3/12/2022,1,8,74,2970,103,95
3/13/2022,1,8,67,3406,113,97
3/14/2022,1,8,58,3068,125,95
3/15/2022,1,8,56,2572,106,96
3/16/2022,1,8,65,2798,132,96
3/17/2022,1,8,65,2928,119,94
3/18/2022,1,8,84,2628,130,97
3/19/2022,1,8,82,3042,117,98
3/20/2022,1,8,48,2624,121,97
3/21/2022,1,8,77,2904,107,91
3/22/2022,1,8,75,3279,112,94
3/23/2022,1,8,67,2806,106,97
3/24/2022,1,8,53,3307,126,97
3/25/2022,1,8,83,3277,135,98
3/26/2022,1,8,90,2714,107,91
3/27/2022,1,8,49,3500,131,94
3/28/2022,1,8,78,3241,126,93
3/29/2022,1,8,69,2709,130,98
3/30/2022,1,8,75,3310,113,95
3/31/2022,1,8,78,3393,105,97
4/1/2022,1,8,105,2786,133,93
4/2/2022,1,8,76,2770,101,93
4/3/2022,1,8,74,2579,106,97
4/4/2022,1,8,62,2706,130,91
4/5/2022,1,8,67,3046,112,92
4/6/2022,1,8,84,3217,135,96
4/7/2022,1,8,96,2914,127,92
4/8/2022,1,8,96,3397,113,93
4/9/2022,1,8,95,3146,110,96
4/10/2022,1,8,57,2638,124,92
4/11/2022,1,8,64,2925,131,94
4/12/2022,1,8,91,3047,103,94
4/13/2022,1,8,78,3388,104,91
4/14/2022,1,8,100,2756,132,95
4/15/2022,1,8,92,2928,133,98
4/16/2022,1,8,97,2581,133,92
4/17/2022,1,8,78,2622,127,96
4/18/2022,1,8,84,2786,125,91
4/19/2022,1,8,65,2789,129,96
4/20/2022,1,8,80,2545,135,98
4/21/2022,1,8,90,3347,123,94
4/22/2022,1,8,91,2548,134,93
4/23/2022,1,8,96,2936,114,98
4/24/2022,1,8,69,2860,133,91
4/25/2022,1,8,76,2724,117,92
4/26/2022,1,8,74,3442,135,91
4/27/2022,1,8,87,2604,117,92
4/28/2022,1,8,90,2647,106,96
4/29/2022,1,8,85,3049,116,93
4/30/2022,1,8,97,2674,101,94
5/1/2022,1,8,60,2703,119,93
5/2/2022,1,8,87,3218,126,93
5/3/2022,1,8,96,3440,117,98
5/4/2022,1,8,73,3241,119,93
5/5/2022,1,8,99,3228,118,96
5/6/2022,1,8,109,2692,115,91
5/7/2022,1,8,86,3401,122,97
5/8/2022,1,8,93,2984,132,92
5/9/2022,1,8,86,2906,104,91
5/10/2022,1,8,81,2614,116,96
5/11/2022,1,8,118,2659,125,91
5/12/2022,1,8,96,2591,130,97
5/13/2022,1,8,88,2512,105,92
5/14/2022,1,8,87,3467,116,94
5/15/2022,1,8,58,3045,129,92
5/16/2022,1,8,87,2721,126,92
5/17/2022,1,8,88,3012,108,92
5/18/2022,1,8,80,3455,108,94
5/19/2022,1,8,87,3496,124,92
5/20/2022,1,8,101,3266,119,93
5/21/2022,1,8,112,2983,130,92
5/22/2022,1,8,65,2635,126,91
5/23/2022,1,8,71,2962,101,98
5/24/2022,1,8,80,3327,103,91
5/25/2022,1,8,89,3309,120,94
5/26/2022,1,8,85,3444,122,92
5/27/2022,1,8,99,2516,122,96
5/28/2022,1,8,110,3495,117,91
5/29/2022,1,8,67,2984,133,98
5/30/2022,1,8,73,2675,102,96
5/31/2022,1,8,97,2520,101,94
6/1/2022,1,8,99,2859,127,91
6/2/2022,1,8,102,3147,131,91
6/3/2022,1,8,112,3338,134,94
6/4/2022,1,8,109,2623,111,92
6/5/2022,1,8,74,3049,102,91
6/6/2022,1,8,91,3445,102,94
6/7/2022,1,8,78,3246,135,91
6/8/2022,1,8,118,2961,107,97
6/9/2022,1,8,115,2976,101,93
6/10/2022,1,8,105,2903,122,98
6/11/2022,1,8,117,2838,102,91
6/12/2022,1,8,71,3046,111,92
6/13/2022,1,8,99,2769,124,94
6/14/2022,1,8,108,3061,126,92
6/15/2022,1,8,86,2669,131,97
6/16/2022,1,8,102,3179,134,97
6/17/2022,1,8,79,3066,117,95
6/18/2022,1,8,116,3221,125,97
6/19/2022,1,8,72,2869,130,94
6/20/2022,1,8,106,3296,118,96
6/21/2022,1,8,97,2570,126,98
6/22/2022,1,8,92,3372,117,96
6/23/2022,1,8,118,3181,109,91
6/24/2022,1,8,91,2570,113,97
6/25/2022,1,8,113,2781,118,98
6/26/2022,1,8,83,3091,124,96
6/27/2022,1,8,98,3177,115,92
6/28/2022,1,8,81,3321,103,94
6/29/2022,1,8,102,2510,102,94
6/30/2022,1,8,103,3235,105,97
7/1/2022,1,8,111,3353,119,95
7/2/2022,1,8,105,2606,130,91
7/3/2022,1,8,76,2995,105,92
7/4/2022,1,8,88,2991,101,93
7/5/2022,1,8,74,3224,115,95
7/6/2022,1,8,103,3186,114,94
7/7/2022,1,8,105,2506,117,94
7/8/2022,1,8,106,2682,128,91
7/9/2022,1,8,137,2695,118,97
7/10/2022,1,8,67,3301,125,94
7/11/2022,1,8,85,2950,116,96
7/12/2022,1,8,81,3307,121,94
7/13/2022,1,8,99,2810,114,98
7/14/2022,1,8,128,3365,120,91
7/15/2022,1,8,118,2868,131,91
7/16/2022,1,8,115,2807,111,91
7/17/2022,1,8,80,2907,114,98
7/18/2022,1,8,81,2502,134,98
7/19/2022,1,8,95,3074,130,95
7/20/2022,1,8,88,3094,102,98
7/21/2022,1,8,84,2510,119,94
7/22/2022,1,8,106,3362,102,96
7/23/2022,1,8,127,2938,125,93
7/24/2022,1,8,85,3452,127,93
7/25/2022,1,8,101,2907,103,92
7/26/2022,1,8,91,2859,104,91
7/27/2022,1,8,103,3176,123,92
7/28/2022,1,8,103,3466,115,94
7/29/2022,1,8,116,2570,128,94
7/30/2022,1,8,101,3257,128,96
7/31/2022,1,8,86,2764,121,91
8/1/2022,1,8,78,3380,107,96
8/2/2022,1,8,98,3227,110,93
8/3/2022,1,8,76,3174,127,92
8/4/2022,1,8,89,2553,122,91
8/5/2022,1,8,99,2933,118,98
8/6/2022,1,8,109,2748,105,92
8/7/2022,1,8,74,3253,132,91
8/8/2022,1,8,87,3420,126,92
8/9/2022,1,8,82,2655,105,96
8/10/2022,1,8,81,2733,122,93
8/11/2022,1,8,99,2828,104,96
8/12/2022,1,8,87,2775,113,95
8/13/2022,1,8,100,2559,124,91
8/14/2022,1,8,62,2725,111,97
8/15/2022,1,8,85,3311,102,95
8/16/2022,1,8,81,3083,125,91
8/17/2022,1,8,91,3421,118,97
8/18/2022,1,8,90,2940,127,96
8/19/2022,1,8,92,3109,115,93
8/20/2022,1,8,122,2613,108,92
8/21/2022,1,8,72,3473,130,91
8/22/2022,1,8,66,2721,133,98
8/23/2022,1,8,73,3011,107,95
8/24/2022,1,8,93,2645,114,91
8/25/2022,1,8,99,2650,134,91
8/26/2022,1,8,98,3165,120,94
8/27/2022,1,8,118,2881,113,91
8/28/2022,1,8,78,2733,118,96
8/29/2022,1,8,79,2599,132,98
8/30/2022,1,8,95,3250,118,97
8/31/2022,1,8,82,2676,126,97
9/1/2022,1,8,90,3094,117,95
9/2/2022,1,8,90,2877,114,97
9/3/2022,1,8,85,3424,122,97
9/4/2022,1,8,66,2614,126,94
9/5/2022,1,8,89,3032,119,92
9/6/2022,1,8,71,2545,103,95
9/7/2022,1,8,93,2863,128,93
9/8/2022,1,8,105,2842,107,91
9/9/2022,1,8,106,3083,103,95
9/10/2022,1,8,92,3086,114,94
9/11/2022,1,8,65,3172,108,96
9/12/2022,1,8,75,2625,130,95
9/13/2022,1,8,67,2971,122,97
9/14/2022,1,8,80,3488,132,94
9/15/2022,1,8,87,3420,109,95
9/16/2022,1,8,84,2923,123,93
9/17/2022,1,8,93,2949,106,91
9/18/2022,1,8,58,2963,129,97
9/19/2022,1,8,74,2547,102,95
9/20/2022,1,8,71,2507,130,97
9/21/2022,1,8,85,3069,124,93
9/22/2022,1,8,100,2632,102,91
9/23/2022,1,8,114,2603,132,98
9/24/2022,1,8,102,2694,127,92
9/25/2022,1,8,72,3426,122,98
9/26/2022,1,8,88,3220,122,91
9/27/2022,1,8,87,2844,122,96
9/28/2022,1,8,65,3086,122,94
9/29/2022,1,8,103,2760,125,93
9/30/2022,1,8,90,2958,126,91
10/1/2022,1,8,100,2805,120,98
10/2/2022,1,8,64,3140,130,93
10/3/2022,1,8,57,2883,110,98
10/4/2022,1,8,61,3369,130,92
10/5/2022,1,8,69,2703,126,94
10/6/2022,1,8,69,2883,112,97
10/7/2022,1,8,99,3122,104,98
10/8/2022,1,8,103,2634,112,91
10/9/2022,1,8,44,2666,103,93
10/10/2022,1,8,64,2537,106,91
10/11/2022,1,8,76,2765,114,94
10/12/2022,1,8,70,2827,108,97
10/13/2022,1,8,85,3086,102,94
10/14/2022,1,8,81,3066,113,96
10/15/2022,1,8,91,3022,122,94
10/16/2022,1,8,70,3421,129,96
10/17/2022,1,8,85,2676,125,95
10/18/2022,1,8,79,2961,128,98
10/19/2022,1,8,76,3393,134,92
10/20/2022,1,8,77,3149,132,98
10/21/2022,1,8,89,2534,111,97
10/22/2022,1,8,96,3083,115,94
10/23/2022,1,8,60,2585,106,94
10/24/2022,1,8,89,2910,123,92
10/25/2022,1,8,62,3447,135,94
10/26/2022,1,8,67,3433,120,98
10/27/2022,1,8,95,2622,121,96
10/28/2022,1,8,85,2586,135,96
10/29/2022,1,8,92,3008,131,97
10/30/2022,1,8,62,2636,129,95
10/31/2022,1,8,61,2861,128,96
11/1/2022,1,8,79,2786,106,94
11/2/2022,1,8,79,3013,115,92
11/3/2022,1,8,93,2704,132,98
11/4/2022,1,8,87,2723,128,91
11/5/2022,1,8,107,2607,125,98
11/6/2022,1,8,63,3221,118,93
11/7/2022,1,8,95,3273,114,91
11/8/2022,1,8,88,2685,130,93
11/9/2022,1,8,82,2910,125,92
11/10/2022,1,8,89,2581,115,98
11/11/2022,1,8,90,3124,126,97
11/12/2022,1,8,90,2759,107,96
11/13/2022,1,8,63,2745,123,98
11/14/2022,1,8,66,2541,111,96
11/15/2022,1,8,67,2740,129,97
11/16/2022,1,8,82,2673,121,92
11/17/2022,1,8,83,3443,135,95
11/18/2022,1,8,100,3216,130,94
11/19/2022,1,8,93,2534,107,93
11/20/2022,1,8,64,3022,125,93
11/21/2022,1,8,90,3098,105,97
11/22/2022,1,8,60,2877,135,91
11/23/2022,1,8,85,2649,107,96
11/24/2022,1,8,81,2704,121,98
11/25/2022,1,8,113,2849,126,92
11/26/2022,1,8,85,3096,106,92
11/27/2022,1,8,54,3029,134,95
11/28/2022,1,8,71,2856,107,91
11/29/2022,1,8,83,3204,114,95
11/30/2022,1,8,76,2916,133,97
12/1/2022,1,8,69,3192,121,91
12/2/2022,1,8,52,3019,133,95
12/3/2022,1,8,64,3315,125,93
12/4/2022,1,8,58,3017,123,91
12/5/2022,1,8,42,2711,105,92
12/6/2022,1,8,58,2990,122,96
12/7/2022,1,8,60,3068,116,94
12/8/2022,1,8,65,3326,113,94
12/9/2022,1,8,62,2640,101,96
12/10/2022,1,8,69,2535,121,92
12/11/2022,1,8,45,3044,119,94
12/12/2022,1,8,66,3105,108,95
12/13/2022,1,8,57,2726,123,94
12/14/2022,1,8,56,2938,124,96
12/15/2022,1,8,78,3108,119,95
12/16/2022,1,8,60,3213,128,98
12/17/2022,1,8,73,2790,127,93
12/18/2022,1,8,52,3338,109,92
12/19/2022,1,8,44,3169,109,95
12/20/2022,1,8,52,2840,126,91
12/21/2022,1,8,79,3257,110,93
12/22/2022,1,8,77,2659,115,94
12/23/2022,1,8,70,3147,127,93
12/24/2022,1,8,59,2800,116,93
12/25/2022,1,8,56,2691,110,92
12/26/2022,1,8,51,2520,106,98
12/27/2022,1,8,58,2779,116,94
12/28/2022,1,8,49,3121,131,96
12/29/2022,1,8,54,2867,125,93
12/30/2022,1,8,75,3028,127,94
12/31/2022,1,8,62,3009,133,97
1/1/2018,2,8,49,3458,114,98
1/2/2018,2,8,42,3361,105,97
1/3/2018,2,8,46,2821,123,98
1/4/2018,2,8,55,3084,116,98
1/5/2018,2,8,64,2772,135,95
1/6/2018,2,8,66,3024,122,97
1/7/2018,2,8,52,2659,111,92
1/8/2018,2,8,60,3292,113,91
1/9/2018,2,8,52,2895,132,97
1/10/2018,2,8,65,3164,102,97
1/11/2018,2,8,58,2870,123,92
1/12/2018,2,8,53,3425,127,97
1/13/2018,2,8,77,3367,129,95
1/14/2018,2,8,51,2817,119,92
1/15/2018,2,8,49,3417,111,95
1/16/2018,2,8,57,2500,107,97
1/17/2018,2,8,61,3361,119,96
1/18/2018,2,8,67,3172,121,97
1/19/2018,2,8,67,3459,131,97
1/20/2018,2,8,73,2736,134,92
1/21/2018,2,8,45,2650,120,91
1/22/2018,2,8,41,2742,113,93
1/23/2018,2,8,60,2597,105,93
1/24/2018,2,8,49,3192,103,93
1/25/2018,2,8,54,2979,127,96
1/26/2018,2,8,71,3402,132,95
1/27/2018,2,8,64,2650,112,98
1/28/2018,2,8,35,2815,111,92
1/29/2018,2,8,53,2784,114,92
1/30/2018,2,8,53,2634,119,93
1/31/2018,2,8,65,3040,135,91
2/1/2018,2,8,65,3150,129,94
2/2/2018,2,8,92,2958,126,97
2/3/2018,2,8,91,2657,123,92
2/4/2018,2,8,41,3169,125,96
2/5/2018,2,8,62,3300,131,97
2/6/2018,2,8,59,3035,134,92
2/7/2018,2,8,56,2734,130,94
2/8/2018,2,8,53,2717,131,96
2/9/2018,2,8,59,3311,111,97
2/10/2018,2,8,66,3399,134,98
2/11/2018,2,8,45,2880,115,92
2/12/2018,2,8,60,2815,134,97
2/13/2018,2,8,65,3236,120,92
2/14/2018,2,8,43,2786,120,93
2/15/2018,2,8,62,2816,113,95
2/16/2018,2,8,58,3006,134,97
2/17/2018,2,8,64,3192,113,96
2/18/2018,2,8,54,3443,126,95
2/19/2018,2,8,61,2979,125,94
2/20/2018,2,8,59,3218,114,95
2/21/2018,2,8,63,3123,133,94
2/22/2018,2,8,63,3055,124,93
2/23/2018,2,8,77,3148,104,98
2/24/2018,2,8,79,2891,102,97
2/25/2018,2,8,41,3327,118,91
2/26/2018,2,8,51,3400,125,94
2/27/2018,2,8,54,2940,133,92
2/28/2018,2,8,42,3141,102,94
3/1/2018,2,8,75,3303,101,96
3/2/2018,2,8,74,3396,104,97
3/3/2018,2,8,99,3303,128,97
3/4/2018,2,8,74,2836,126,94
3/5/2018,2,8,57,2742,119,92
3/6/2018,2,8,79,3040,129,91
3/7/2018,2,8,65,3021,122,91
3/8/2018,2,8,80,3004,123,95
3/9/2018,2,8,75,3025,110,98
3/10/2018,2,8,69,3161,104,93
3/11/2018,2,8,47,3034,118,98
3/12/2018,2,8,65,3094,111,98
3/13/2018,2,8,68,2636,110,97
3/14/2018,2,8,55,3019,114,95
3/15/2018,2,8,81,3205,115,93
3/16/2018,2,8,84,3330,107,98
3/17/2018,2,8,82,2569,102,94
3/18/2018,2,8,64,3433,103,91
3/19/2018,2,8,67,3180,104,98
3/20/2018,2,8,71,2921,119,96
3/21/2018,2,8,89,3078,122,98
3/22/2018,2,8,87,3413,129,94
3/23/2018,2,8,80,3269,128,98
3/24/2018,2,8,80,2700,130,94
3/25/2018,2,8,73,2874,101,95
3/26/2018,2,8,70,2723,121,98
3/27/2018,2,8,63,3453,126,98
3/28/2018,2,8,72,3006,107,96
3/29/2018,2,8,78,2781,101,96
3/30/2018,2,8,72,2878,133,94
3/31/2018,2,8,86,3391,126,93
4/1/2018,2,8,71,2816,127,96
4/2/2018,2,8,84,3336,119,94
4/3/2018,2,8,76,2877,125,97
4/4/2018,2,8,80,2503,116,93
4/5/2018,2,8,93,2711,111,97
4/6/2018,2,8,93,3239,121,91
4/7/2018,2,8,90,2910,104,93
4/8/2018,2,8,66,3419,106,92
4/9/2018,2,8,80,3055,120,97
4/10/2018,2,8,89,2882,106,96
4/11/2018,2,8,100,3378,104,96
4/12/2018,2,8,85,3486,109,94
4/13/2018,2,8,84,2819,121,96
4/14/2018,2,8,119,3481,114,97
4/15/2018,2,8,66,2942,123,93
4/16/2018,2,8,64,2694,105,91
4/17/2018,2,8,89,2693,103,95
4/18/2018,2,8,90,2715,134,96
4/19/2018,2,8,97,2942,123,97
4/20/2018,2,8,93,2705,132,98
4/21/2018,2,8,107,3397,132,93
4/22/2018,2,8,67,2700,127,96
4/23/2018,2,8,77,2528,107,94
4/24/2018,2,8,79,2847,120,93
4/25/2018,2,8,87,3280,107,94
4/26/2018,2,8,95,3462,128,94
4/27/2018,2,8,101,3309,110,96
4/28/2018,2,8,102,2724,129,98
4/29/2018,2,8,91,2703,110,97
4/30/2018,2,8,65,3325,102,92
5/1/2018,2,8,89,2675,132,97
5/2/2018,2,8,106,2782,131,92
5/3/2018,2,8,94,3410,107,98
5/4/2018,2,8,108,3169,121,97
5/5/2018,2,8,110,3357,128,95
5/6/2018,2,8,72,3472,130,98
5/7/2018,2,8,83,3448,121,94
5/8/2018,2,8,76,3324,102,97
5/9/2018,2,8,83,3447,113,94
5/10/2018,2,8,72,3429,133,95
5/11/2018,2,8,112,3117,119,92
5/12/2018,2,8,104,3355,117,97
5/13/2018,2,8,67,3342,125,95
5/14/2018,2,8,87,3468,123,93
5/15/2018,2,8,82,3259,112,92
5/16/2018,2,8,114,3160,101,94
5/17/2018,2,8,98,3048,101,91
5/18/2018,2,8,106,3363,123,97
5/19/2018,2,8,114,2869,116,94
5/20/2018,2,8,79,3396,126,96
5/21/2018,2,8,96,3376,124,97
5/22/2018,2,8,96,3268,103,96
5/23/2018,2,8,90,2820,110,91
5/24/2018,2,8,106,2926,132,96
5/25/2018,2,8,106,2566,105,96
5/26/2018,2,8,116,3402,133,96
5/27/2018,2,8,70,3366,128,95
5/28/2018,2,8,84,2601,133,94
5/29/2018,2,8,81,3332,125,97
5/30/2018,2,8,91,2886,111,96
5/31/2018,2,8,88,2713,108,94
6/1/2018,2,8,113,3252,117,98
6/2/2018,2,8,131,2622,119,97
6/3/2018,2,8,67,3108,114,94
6/4/2018,2,8,80,2681,111,95
6/5/2018,2,8,92,3240,128,94
6/6/2018,2,8,105,3250,113,93
6/7/2018,2,8,131,2815,132,92
6/8/2018,2,8,112,2662,116,91
6/9/2018,2,8,116,2936,134,95
6/10/2018,2,8,79,2884,132,94
6/11/2018,2,8,103,3073,113,94
6/12/2018,2,8,107,2933,116,93
6/13/2018,2,8,103,3216,113,93
6/14/2018,2,8,107,2835,110,97
6/15/2018,2,8,112,3267,126,95
6/16/2018,2,8,111,3483,130,93
6/17/2018,2,8,82,2787,106,91
6/18/2018,2,8,94,3185,105,96
6/19/2018,2,8,94,3394,102,95
6/20/2018,2,8,90,2855,110,95
6/21/2018,2,8,127,2558,131,93
6/22/2018,2,8,93,2849,102,96
6/23/2018,2,8,125,3161,117,97
6/24/2018,2,8,80,2509,128,98
6/25/2018,2,8,91,3490,101,91
6/26/2018,2,8,108,3008,132,96
6/27/2018,2,8,102,2652,116,94
6/28/2018,2,8,93,3446,123,91
6/29/2018,2,8,104,2609,106,95
6/30/2018,2,8,113,2978,118,95
7/1/2018,2,8,74,2717,131,92
7/2/2018,2,8,87,3044,115,98
7/3/2018,2,8,100,3003,108,92
7/4/2018,2,8,114,3452,133,98
7/5/2018,2,8,104,2737,130,96
7/6/2018,2,8,113,3396,105,97
7/7/2018,2,8,138,2700,122,98
7/8/2018,2,8,81,3482,110,96
7/9/2018,2,8,83,2839,104,98
7/10/2018,2,8,80,2778,134,94
7/11/2018,2,8,99,2834,134,95
7/12/2018,2,8,107,3373,131,98
7/13/2018,2,8,130,3261,103,92
7/14/2018,2,8,130,2556,126,98
7/15/2018,2,8,78,3362,122,96
7/16/2018,2,8,124,3264,102,97
7/17/2018,2,8,103,2760,125,93
7/18/2018,2,8,89,3252,113,98
7/19/2018,2,8,115,3373,131,96
7/20/2018,2,8,139,2661,116,96
7/21/2018,2,8,131,2698,101,93
7/22/2018,2,8,89,3014,108,93
7/23/2018,2,8,108,2996,112,93
7/24/2018,2,8,103,2633,112,93
7/25/2018,2,8,106,3036,118,92
7/26/2018,2,8,97,2558,112,95
7/27/2018,2,8,120,2722,127,95
7/28/2018,2,8,136,2526,126,92
7/29/2018,2,8,82,3077,110,97
7/30/2018,2,8,103,2530,102,98
7/31/2018,2,8,111,3263,110,97
8/1/2018,2,8,103,2841,115,96
8/2/2018,2,8,98,2944,125,91
8/3/2018,2,8,97,2974,105,95
8/4/2018,2,8,129,2599,111,94
8/5/2018,2,8,64,3096,105,97
8/6/2018,2,8,90,3395,133,97
8/7/2018,2,8,80,3404,103,95
8/8/2018,2,8,91,2920,113,96
8/9/2018,2,8,88,2666,128,92
8/10/2018,2,8,105,2885,122,91
8/11/2018,2,8,104,3285,130,91
8/12/2018,2,8,69,3331,101,92
8/13/2018,2,8,95,3347,131,95
8/14/2018,2,8,102,3244,129,93
8/15/2018,2,8,83,3457,134,92
8/16/2018,2,8,123,3043,130,91
8/17/2018,2,8,92,3495,107,91
8/18/2018,2,8,119,3103,120,94
8/19/2018,2,8,82,3041,135,95
8/20/2018,2,8,88,2600,129,93
8/21/2018,2,8,88,2533,105,97
8/22/2018,2,8,103,3150,129,92
8/23/2018,2,8,90,2691,107,97
8/24/2018,2,8,102,2907,104,96
8/25/2018,2,8,99,2565,134,94
8/26/2018,2,8,73,3378,126,93
8/27/2018,2,8,82,3049,129,95
8/28/2018,2,8,86,3117,101,93
8/29/2018,2,8,85,3064,126,94
8/30/2018,2,8,125,2945,112,92
8/31/2018,2,8,89,2944,105,94
9/1/2018,2,8,120,2561,110,93
9/2/2018,2,8,78,3202,120,91
9/3/2018,2,8,68,2639,131,95
9/4/2018,2,8,71,2566,116,93
9/5/2018,2,8,97,3330,125,91
9/6/2018,2,8,95,2580,118,98
9/7/2018,2,8,102,3480,102,95
9/8/2018,2,8,101,3151,104,98
9/9/2018,2,8,56,2948,116,93
9/10/2018,2,8,84,3041,109,94
9/11/2018,2,8,74,2760,123,98
9/12/2018,2,8,89,2820,128,95
9/13/2018,2,8,103,2771,127,93
9/14/2018,2,8,102,2794,107,93
9/15/2018,2,8,95,2725,130,93
9/16/2018,2,8,69,3089,113,92
9/17/2018,2,8,88,2539,126,91
9/18/2018,2,8,70,3259,115,96
9/19/2018,2,8,80,2868,112,98
9/20/2018,2,8,90,3203,129,94
9/21/2018,2,8,100,2975,129,96
9/22/2018,2,8,94,2978,132,91
9/23/2018,2,8,61,3377,123,98
9/24/2018,2,8,94,3280,117,98
9/25/2018,2,8,98,2978,130,98
9/26/2018,2,8,85,2729,120,95
9/27/2018,2,8,112,2594,107,94
9/28/2018,2,8,108,3455,134,91
9/29/2018,2,8,98,3173,120,95
9/30/2018,2,8,59,2768,124,93
10/1/2018,2,8,85,2981,125,93
10/2/2018,2,8,64,3450,134,97
10/3/2018,2,8,85,3395,115,91
10/4/2018,2,8,71,2820,133,94
10/5/2018,2,8,94,2700,126,92
10/6/2018,2,8,84,3395,135,97
10/7/2018,2,8,52,2908,108,95
10/8/2018,2,8,81,2692,126,98
10/9/2018,2,8,72,3137,123,92
10/10/2018,2,8,94,2612,108,98
10/11/2018,2,8,99,3107,112,97
10/12/2018,2,8,99,3451,111,91
10/13/2018,2,8,80,2941,118,94
10/14/2018,2,8,72,3443,115,93
10/15/2018,2,8,82,3159,105,98
10/16/2018,2,8,76,3202,104,94
10/17/2018,2,8,89,2633,130,96
10/18/2018,2,8,82,3176,103,93
10/19/2018,2,8,104,2880,112,92
10/20/2018,2,8,102,3045,128,91
10/21/2018,2,8,56,2564,101,92
10/22/2018,2,8,78,3183,116,93
10/23/2018,2,8,68,2961,131,92
10/24/2018,2,8,79,3022,108,98
10/25/2018,2,8,85,3015,130,94
10/26/2018,2,8,107,3339,122,93
10/27/2018,2,8,76,3437,130,91
10/28/2018,2,8,52,2694,122,95
10/29/2018,2,8,71,2926,105,92
10/30/2018,2,8,98,3474,109,96
10/31/2018,2,8,80,2516,134,94
11/1/2018,2,8,82,2862,133,95
11/2/2018,2,8,96,3332,121,98
11/3/2018,2,8,120,3127,107,95
11/4/2018,2,8,74,2860,121,97
11/5/2018,2,8,83,3170,102,96
11/6/2018,2,8,83,2712,101,97
11/7/2018,2,8,87,2797,122,93
11/8/2018,2,8,90,2979,116,93
11/9/2018,2,8,107,3294,111,93
11/10/2018,2,8,101,3439,124,96
11/11/2018,2,8,65,2546,135,95
11/12/2018,2,8,69,2884,125,91
11/13/2018,2,8,90,2889,130,94
11/14/2018,2,8,77,2682,123,96
11/15/2018,2,8,110,3450,104,97
11/16/2018,2,8,81,2844,117,97
11/17/2018,2,8,98,3306,105,95
11/18/2018,2,8,92,2948,119,94
11/19/2018,2,8,103,3265,118,96
11/20/2018,2,8,85,3439,128,93
11/21/2018,2,8,97,2539,103,91
11/22/2018,2,8,61,2781,109,93
11/23/2018,2,8,88,2657,127,96
11/24/2018,2,8,121,2888,118,97
11/25/2018,2,8,91,2869,102,92
11/26/2018,2,8,92,3193,116,93
11/27/2018,2,8,85,3289,108,97
11/28/2018,2,8,104,3274,103,98
11/29/2018,2,8,83,3005,133,96
11/30/2018,2,8,104,3457,101,93
12/1/2018,2,8,64,2796,121,98
12/2/2018,2,8,50,2716,112,97
12/3/2018,2,8,45,3216,103,93
12/4/2018,2,8,58,2532,108,93
12/5/2018,2,8,53,2717,108,92
12/6/2018,2,8,76,3398,103,92
12/7/2018,2,8,67,3442,121,96
12/8/2018,2,8,67,2567,128,91
12/9/2018,2,8,48,2683,127,93
12/10/2018,2,8,71,3303,110,93
12/11/2018,2,8,76,3488,124,94
12/12/2018,2,8,64,2775,134,91
12/13/2018,2,8,68,2787,115,96
12/14/2018,2,8,62,3094,105,92
12/15/2018,2,8,81,2622,118,96
12/16/2018,2,8,49,3003,118,97
12/17/2018,2,8,55,3260,113,98
12/18/2018,2,8,59,3165,108,94
12/19/2018,2,8,66,2549,118,94
12/20/2018,2,8,67,3105,126,95
12/21/2018,2,8,73,2563,103,92
12/22/2018,2,8,77,3026,106,92
12/23/2018,2,8,36,3323,120,92
12/24/2018,2,8,46,2934,120,96
12/25/2018,2,8,58,3221,113,92
12/26/2018,2,8,55,2986,102,91
12/27/2018,2,8,70,3445,126,92
12/28/2018,2,8,76,3174,118,94
12/29/2018,2,8,69,2901,107,96
12/30/2018,2,8,56,2781,125,96
12/31/2018,2,8,51,2671,120,98
1/1/2019,2,8,58,3029,118,93
1/2/2019,2,8,58,3430,128,97
1/3/2019,2,8,84,3450,126,94
1/4/2019,2,8,71,3189,118,93
1/5/2019,2,8,85,3254,126,95
1/6/2019,2,8,56,3375,114,91
1/7/2019,2,8,56,3314,126,97
1/8/2019,2,8,49,2897,130,91
1/9/2019,2,8,66,2866,105,95
1/10/2019,2,8,52,3328,125,98
1/11/2019,2,8,85,3461,123,92
1/12/2019,2,8,85,2704,134,95
1/13/2019,2,8,64,3210,104,97
1/14/2019,2,8,65,3143,116,91
1/15/2019,2,8,54,3252,135,94
1/16/2019,2,8,68,2597,101,95
1/17/2019,2,8,69,3337,118,91
1/18/2019,2,8,85,2538,107,93
1/19/2019,2,8,90,2952,113,92
1/20/2019,2,8,62,3257,115,96
1/21/2019,2,8,59,2624,111,94
1/22/2019,2,8,53,2936,101,95
1/23/2019,2,8,73,2602,131,92
1/24/2019,2,8,65,2599,117,91
1/25/2019,2,8,68,3011,117,97
1/26/2019,2,8,67,2643,126,97
1/27/2019,2,8,46,2861,113,98
1/28/2019,2,8,56,3441,101,94
1/29/2019,2,8,57,2948,112,96
1/30/2019,2,8,55,2930,120,91
1/31/2019,2,8,75,3319,129,93
2/1/2019,2,8,81,2990,103,96
2/2/2019,2,8,93,3025,125,96
2/3/2019,2,8,62,3313,101,92
2/4/2019,2,8,68,2567,122,94
2/5/2019,2,8,56,3126,124,96
2/6/2019,2,8,83,3478,117,97
2/7/2019,2,8,74,2874,128,96
2/8/2019,2,8,78,3439,111,93
2/9/2019,2,8,67,2873,123,94
2/10/2019,2,8,62,3271,111,95
2/11/2019,2,8,64,3070,105,93
2/12/2019,2,8,74,2751,107,93
2/13/2019,2,8,77,2700,134,94
2/14/2019,2,8,73,2664,121,93
2/15/2019,2,8,96,3381,129,94
2/16/2019,2,8,82,2760,114,98
2/17/2019,2,8,56,2576,127,97
2/18/2019,2,8,72,3275,107,92
2/19/2019,2,8,61,3218,129,96
2/20/2019,2,8,52,2837,118,96
2/21/2019,2,8,69,3283,104,96
2/22/2019,2,8,79,3174,107,97
2/23/2019,2,8,82,3181,108,92
2/24/2019,2,8,61,3180,123,94
2/25/2019,2,8,80,2587,115,92
2/26/2019,2,8,69,2606,121,96
2/27/2019,2,8,59,3209,116,95
2/28/2019,2,8,52,3237,116,91
3/1/2019,2,8,80,2561,127,96
3/2/2019,2,8,102,3087,114,94
3/3/2019,2,8,64,3369,118,92
3/4/2019,2,8,78,3207,118,92
3/5/2019,2,8,89,2877,110,91
3/6/2019,2,8,83,3173,134,91
3/7/2019,2,8,99,3391,124,97
3/8/2019,2,8,96,2945,119,96
3/9/2019,2,8,97,2864,128,91
3/10/2019,2,8,71,2948,115,95
3/11/2019,2,8,84,2726,107,96
3/12/2019,2,8,84,3284,122,98
3/13/2019,2,8,85,2611,107,93
3/14/2019,2,8,84,2717,115,97
3/15/2019,2,8,87,2549,124,97
3/16/2019,2,8,97,2900,104,92
3/17/2019,2,8,71,2518,130,94
3/18/2019,2,8,77,2658,115,94
3/19/2019,2,8,83,2526,116,96
3/20/2019,2,8,82,3293,131,95
3/21/2019,2,8,96,3218,116,98
3/22/2019,2,8,90,2967,103,91
3/23/2019,2,8,113,2513,114,92
3/24/2019,2,8,70,2907,102,96
3/25/2019,2,8,70,2923,134,93
3/26/2019,2,8,72,2814,124,95
3/27/2019,2,8,93,3155,102,97
3/28/2019,2,8,87,2990,110,98
3/29/2019,2,8,102,3245,130,98
3/30/2019,2,8,102,2786,105,92
3/31/2019,2,8,70,2635,122,98
4/1/2019,2,8,92,2737,130,98
4/2/2019,2,8,85,2925,110,98
4/3/2019,2,8,99,3033,114,96
4/4/2019,2,8,100,3494,129,93
4/5/2019,2,8,109,2757,118,97
4/6/2019,2,8,131,2865,115,97
4/7/2019,2,8,75,2794,133,94
4/8/2019,2,8,91,3376,121,91
4/9/2019,2,8,103,3001,130,97
4/10/2019,2,8,98,2921,133,96
4/11/2019,2,8,95,3323,110,97
4/12/2019,2,8,120,3272,104,98
4/13/2019,2,8,131,2764,133,93
4/14/2019,2,8,78,3440,132,91
4/15/2019,2,8,83,2791,132,94
4/16/2019,2,8,108,3234,126,91
4/17/2019,2,8,108,2970,116,94
4/18/2019,2,8,106,3462,129,93
4/19/2019,2,8,96,2654,118,94
4/20/2019,2,8,112,2964,114,91
4/21/2019,2,8,88,3414,106,93
4/22/2019,2,8,102,3453,126,92
4/23/2019,2,8,84,2626,108,92
4/24/2019,2,8,100,3228,122,98
4/25/2019,2,8,121,3342,112,95
4/26/2019,2,8,86,3068,125,93
4/27/2019,2,8,106,3431,101,92
4/28/2019,2,8,84,2770,130,91
4/29/2019,2,8,93,3015,109,96
4/30/2019,2,8,88,3287,130,92
5/1/2019,2,8,101,2945,110,95
5/2/2019,2,8,125,3282,122,96
5/3/2019,2,8,110,3386,110,94
5/4/2019,2,8,152,2568,121,95
5/5/2019,2,8,93,2619,127,97
5/6/2019,2,8,90,3294,117,98
5/7/2019,2,8,94,3108,114,98
5/8/2019,2,8,106,2600,122,96
5/9/2019,2,8,119,3287,126,97
5/10/2019,2,8,111,3273,106,98
5/11/2019,2,8,122,3289,128,92
5/12/2019,2,8,98,2815,126,91
5/13/2019,2,8,97,3230,116,94
5/14/2019,2,8,100,3212,116,94
5/15/2019,2,8,121,3353,130,98
5/16/2019,2,8,93,3274,127,94
5/17/2019,2,8,122,3335,109,98
5/18/2019,2,8,130,2960,110,96
5/19/2019,2,8,84,3471,105,92
5/20/2019,2,8,93,2753,110,96
5/21/2019,2,8,98,3055,105,97
5/22/2019,2,8,111,3090,131,92
5/23/2019,2,8,135,3376,110,98
5/24/2019,2,8,106,2527,110,93
5/25/2019,2,8,129,2651,131,93
5/26/2019,2,8,91,3363,102,95
5/27/2019,2,8,92,3320,101,92
5/28/2019,2,8,99,3048,119,97
5/29/2019,2,8,102,2947,130,94
5/30/2019,2,8,131,3044,122,91
5/31/2019,2,8,99,3163,106,93
6/1/2019,2,8,138,3102,106,94
6/2/2019,2,8,97,3396,127,92
6/3/2019,2,8,98,3284,130,92
6/4/2019,2,8,99,3497,116,94
6/5/2019,2,8,119,2653,107,98
6/6/2019,2,8,126,3170,130,96
6/7/2019,2,8,130,2541,122,96
6/8/2019,2,8,147,2807,121,98
6/9/2019,2,8,83,3106,130,96
6/10/2019,2,8,107,2728,121,95
6/11/2019,2,8,105,3034,132,94
6/12/2019,2,8,103,3041,103,94
6/13/2019,2,8,138,3022,132,93
6/14/2019,2,8,129,3278,123,92
6/15/2019,2,8,144,2850,128,92
6/16/2019,2,8,95,2779,102,98
6/17/2019,2,8,106,3084,131,91
6/18/2019,2,8,97,3066,133,92
6/19/2019,2,8,97,3303,131,95
6/20/2019,2,8,112,3282,121,96
6/21/2019,2,8,137,3349,123,95
6/22/2019,2,8,148,3410,131,96
6/23/2019,2,8,88,3443,135,93
6/24/2019,2,8,100,3002,116,98
6/25/2019,2,8,122,3176,121,98
6/26/2019,2,8,115,3079,126,97
6/27/2019,2,8,121,3264,135,93
6/28/2019,2,8,137,3467,119,95
6/29/2019,2,8,131,3171,128,94
6/30/2019,2,8,96,2705,105,95
7/1/2019,2,8,117,3476,114,98
7/2/2019,2,8,106,2722,118,91
7/3/2019,2,8,130,2614,129,96
7/4/2019,2,8,119,3258,135,96
7/5/2019,2,8,169,3047,128,94
7/6/2019,2,8,156,2642,108,92
7/7/2019,2,8,102,2520,123,97
7/8/2019,2,8,111,2814,126,94
7/9/2019,2,8,128,2598,125,98
7/10/2019,2,8,126,2767,113,95
7/11/2019,2,8,116,3496,118,92
7/12/2019,2,8,144,3230,118,92
7/13/2019,2,8,159,2596,129,98
7/14/2019,2,8,109,2586,108,91
7/15/2019,2,8,103,3223,115,95
7/16/2019,2,8,118,3125,112,94
7/17/2019,2,8,108,3235,103,98
7/18/2019,2,8,124,2954,123,91
7/19/2019,2,8,137,2839,126,92
7/20/2019,2,8,153,3248,109,98
7/21/2019,2,8,97,2935,115,96
7/22/2019,2,8,105,3158,104,92
7/23/2019,2,8,111,2781,104,98
7/24/2019,2,8,130,3253,125,97
7/25/2019,2,8,125,2878,134,98
7/26/2019,2,8,122,2928,127,92
7/27/2019,2,8,152,2753,133,97
7/28/2019,2,8,74,2793,126,92
7/29/2019,2,8,90,3403,116,98
7/30/2019,2,8,125,2548,129,91
7/31/2019,2,8,119,2861,133,91
8/1/2019,2,8,122,2661,112,93
8/2/2019,2,8,107,2984,121,95
8/3/2019,2,8,129,3221,101,94
8/4/2019,2,8,92,2526,135,94
8/5/2019,2,8,91,3405,123,93
8/6/2019,2,8,102,3036,106,91
8/7/2019,2,8,99,3276,115,96
8/8/2019,2,8,113,2987,120,98
8/9/2019,2,8,124,2545,116,98
8/10/2019,2,8,137,2971,103,98
8/11/2019,2,8,83,2538,128,91
8/12/2019,2,8,110,2676,110,96
8/13/2019,2,8,115,2782,115,91
8/14/2019,2,8,111,3063,101,92
8/15/2019,2,8,116,2822,112,97
8/16/2019,2,8,117,2651,102,96
8/17/2019,2,8,127,2823,113,91
8/18/2019,2,8,74,3428,110,92
8/19/2019,2,8,83,2735,117,97
8/20/2019,2,8,82,3244,115,92
8/21/2019,2,8,104,3287,127,98
8/22/2019,2,8,98,3359,112,96
8/23/2019,2,8,117,2908,119,98
8/24/2019,2,8,123,3232,124,96
8/25/2019,2,8,77,3074,132,98
8/26/2019,2,8,96,2989,115,92
8/27/2019,2,8,81,3140,110,91
8/28/2019,2,8,89,2632,133,92
8/29/2019,2,8,112,3152,131,92
8/30/2019,2,8,134,2640,124,91
8/31/2019,2,8,144,3306,107,97
9/1/2019,2,8,91,3278,125,96
9/2/2019,2,8,109,2839,119,95
9/3/2019,2,8,99,2872,110,94
9/4/2019,2,8,100,2692,121,92
9/5/2019,2,8,99,2731,128,95
9/6/2019,2,8,116,2502,135,95
9/7/2019,2,8,114,2590,115,97
9/8/2019,2,8,66,3056,103,92
9/9/2019,2,8,95,2724,116,93
9/10/2019,2,8,113,3494,101,93
9/11/2019,2,8,87,2588,128,96
9/12/2019,2,8,104,3243,107,97
9/13/2019,2,8,119,2789,119,98
9/14/2019,2,8,128,2587,117,92
9/15/2019,2,8,72,2756,132,96
9/16/2019,2,8,100,3272,116,98
9/17/2019,2,8,79,2786,104,95
9/18/2019,2,8,94,3323,115,94
9/19/2019,2,8,104,3498,135,98
9/20/2019,2,8,112,3470,103,93
9/21/2019,2,8,131,2834,115,93
9/22/2019,2,8,79,2924,123,95
9/23/2019,2,8,127,2722,128,94
9/24/2019,2,8,78,2984,126,94
9/25/2019,2,8,106,3234,101,98
9/26/2019,2,8,89,3377,112,96
9/27/2019,2,8,122,2681,121,98
9/28/2019,2,8,116,3498,129,97
9/29/2019,2,8,79,2994,130,92
9/30/2019,2,8,85,2630,119,98
10/1/2019,2,8,96,3218,120,98
10/2/2019,2,8,103,2741,120,94
10/3/2019,2,8,96,3167,111,92
10/4/2019,2,8,115,3444,116,97
10/5/2019,2,8,128,3010,132,92
10/6/2019,2,8,72,2570,133,91
10/7/2019,2,8,75,2705,121,97
10/8/2019,2,8,79,2865,118,91
10/9/2019,2,8,74,3258,110,98
10/10/2019,2,8,111,2754,120,91
10/11/2019,2,8,80,3125,129,96
10/12/2019,2,8,107,3375,109,92
10/13/2019,2,8,73,2617,107,91
10/14/2019,2,8,77,2539,113,94
10/15/2019,2,8,78,3312,105,97
10/16/2019,2,8,87,3261,107,91
10/17/2019,2,8,106,2776,127,95
10/18/2019,2,8,98,3211,101,98
10/19/2019,2,8,113,3403,135,94
10/20/2019,2,8,72,2851,124,96
10/21/2019,2,8,86,2764,112,97
10/22/2019,2,8,82,3184,122,92
10/23/2019,2,8,92,2813,128,96
10/24/2019,2,8,95,3328,132,93
10/25/2019,2,8,94,3320,113,93
10/26/2019,2,8,109,2977,107,98
10/27/2019,2,8,74,3188,126,96
10/28/2019,2,8,84,2927,131,98
10/29/2019,2,8,95,3440,133,96
10/30/2019,2,8,105,2503,123,92
10/31/2019,2,8,94,2999,102,95
11/1/2019,2,8,119,3457,102,93
11/2/2019,2,8,124,3424,118,94
11/3/2019,2,8,79,3438,135,94
11/4/2019,2,8,83,3098,110,97
11/5/2019,2,8,94,3386,101,96
11/6/2019,2,8,99,3277,107,95
11/7/2019,2,8,119,2912,123,91
11/8/2019,2,8,102,3270,122,93
11/9/2019,2,8,138,3312,110,98
11/10/2019,2,8,76,3059,127,93
11/11/2019,2,8,108,2712,132,95
11/12/2019,2,8,102,2625,135,91
11/13/2019,2,8,74,3360,110,95
11/14/2019,2,8,110,2656,105,92
11/15/2019,2,8,112,2523,125,96
11/16/2019,2,8,123,2569,127,98
11/17/2019,2,8,72,3394,126,94
11/18/2019,2,8,90,2503,113,91
11/19/2019,2,8,101,2726,110,98
11/20/2019,2,8,96,2925,111,97
11/21/2019,2,8,112,3449,108,96
11/22/2019,2,8,110,3125,118,96
11/23/2019,2,8,116,2967,102,94
11/24/2019,2,8,81,2976,130,95
11/25/2019,2,8,97,3003,106,92
11/26/2019,2,8,112,3137,112,96
11/27/2019,2,8,94,2521,135,94
11/28/2019,2,8,110,3381,129,97
11/29/2019,2,8,115,2742,120,97
11/30/2019,2,8,114,3101,131,94
12/1/2019,2,8,62,2963,110,92
12/2/2019,2,8,67,3274,135,94
12/3/2019,2,8,64,3079,113,91
12/4/2019,2,8,74,2894,109,95
12/5/2019,2,8,62,3304,110,98
12/6/2019,2,8,70,3394,118,93
12/7/2019,2,8,74,3153,134,93
12/8/2019,2,8,45,3122,112,93
12/9/2019,2,8,75,2754,117,91
12/10/2019,2,8,65,3164,117,96
12/11/2019,2,8,86,3330,124,94
12/12/2019,2,8,70,2879,109,97
12/13/2019,2,8,90,3346,113,92
12/14/2019,2,8,79,2777,112,97
12/15/2019,2,8,47,3173,125,96
12/16/2019,2,8,54,2847,135,94
12/17/2019,2,8,63,2851,106,97
12/18/2019,2,8,71,2789,111,96
12/19/2019,2,8,74,2541,135,96
12/20/2019,2,8,72,3109,104,97
12/21/2019,2,8,86,3304,120,98
12/22/2019,2,8,57,2640,121,91
12/23/2019,2,8,71,3087,103,92
12/24/2019,2,8,71,2637,110,91
12/25/2019,2,8,79,3259,112,91
12/26/2019,2,8,80,3469,121,95
12/27/2019,2,8,74,3096,125,91
12/28/2019,2,8,76,2881,130,91
12/29/2019,2,8,53,2640,135,93
12/30/2019,2,8,86,3428,109,98
12/31/2019,2,8,59,2639,105,93
1/1/2020,2,8,84,3498,115,91
1/2/2020,2,8,58,3477,111,93
1/3/2020,2,8,69,2827,107,92
1/4/2020,2,8,79,3366,130,95
1/5/2020,2,8,53,2667,134,96
1/6/2020,2,8,65,2502,118,91
1/7/2020,2,8,52,3416,110,96
1/8/2020,2,8,74,2867,132,94
1/9/2020,2,8,67,3232,134,92
1/10/2020,2,8,72,2862,113,92
1/11/2020,2,8,86,3251,120,91
1/12/2020,2,8,47,3046,132,95
1/13/2020,2,8,61,2673,129,96
1/14/2020,2,8,78,3249,106,97
1/15/2020,2,8,65,2826,122,95
1/16/2020,2,8,63,2501,135,92
1/17/2020,2,8,75,2621,131,91
1/18/2020,2,8,76,2755,103,91
1/19/2020,2,8,50,2821,112,92
1/20/2020,2,8,46,3151,109,94
1/21/2020,2,8,50,3048,132,95
1/22/2020,2,8,70,3126,103,98
1/23/2020,2,8,76,3270,114,93
1/24/2020,2,8,80,2635,115,95
1/25/2020,2,8,92,3317,112,94
1/26/2020,2,8,50,3195,105,98
1/27/2020,2,8,62,2701,101,91
1/28/2020,2,8,63,2890,132,93
1/29/2020,2,8,66,3244,117,95
1/30/2020,2,8,69,3246,131,95
1/31/2020,2,8,83,3281,101,96
2/1/2020,2,8,80,3229,104,97
2/2/2020,2,8,65,3226,118,95
2/3/2020,2,8,61,3036,117,97
2/4/2020,2,8,69,3117,118,92
2/5/2020,2,8,82,2867,132,93
2/6/2020,2,8,72,3019,110,96
2/7/2020,2,8,82,2819,116,92
2/8/2020,2,8,93,2785,101,92
2/9/2020,2,8,70,2798,132,95
2/10/2020,2,8,69,3443,128,91
2/11/2020,2,8,74,2703,116,95
2/12/2020,2,8,77,3128,127,97
2/13/2020,2,8,88,2564,101,97
2/14/2020,2,8,89,2891,123,98
2/15/2020,2,8,96,2855,127,95
2/16/2020,2,8,50,3225,118,92
2/17/2020,2,8,60,3325,128,92
2/18/2020,2,8,66,2606,130,95
2/19/2020,2,8,72,3095,124,95
2/20/2020,2,8,83,2608,133,92
2/21/2020,2,8,102,3213,112,96
2/22/2020,2,8,84,3018,114,96
2/23/2020,2,8,60,2737,104,96
2/24/2020,2,8,67,2645,126,94
2/25/2020,2,8,62,3221,109,93
2/26/2020,2,8,76,3178,121,93
2/27/2020,2,8,74,3456,126,94
2/28/2020,2,8,97,3341,108,98
3/1/2020,2,8,124,2996,116,97
3/2/2020,2,8,72,2843,125,97
3/3/2020,2,8,91,3466,105,98
3/4/2020,2,8,112,2990,118,96
3/5/2020,2,8,79,2570,115,97
3/6/2020,2,8,82,2896,125,94
3/7/2020,2,8,96,2545,130,94
3/8/2020,2,8,111,3204,108,97
3/9/2020,2,8,61,3054,135,97
3/10/2020,2,8,84,3257,103,96
3/11/2020,2,8,74,3076,113,95
3/12/2020,2,8,86,3009,114,95
3/13/2020,2,8,105,3132,114,94
3/14/2020,2,8,99,3305,108,95
3/15/2020,2,8,95,2699,101,92
3/16/2020,2,8,78,2564,113,97
3/17/2020,2,8,77,3453,110,93
3/18/2020,2,8,81,2830,118,97
3/19/2020,2,8,96,2550,132,96
3/20/2020,2,8,99,3213,113,94
3/21/2020,2,8,104,3416,105,98
3/22/2020,2,8,119,2811,106,95
3/23/2020,2,8,82,3075,119,93
3/24/2020,2,8,74,3231,128,98
3/25/2020,2,8,81,2663,110,96
3/26/2020,2,8,89,3125,125,96
3/27/2020,2,8,90,3182,103,95
3/28/2020,2,8,104,3402,112,92
3/29/2020,2,8,88,2748,114,92
3/30/2020,2,8,74,3147,113,98
3/31/2020,2,8,84,2588,115,95
4/1/2020,2,8,87,3016,113,98
4/2/2020,2,8,103,2883,134,98
4/3/2020,2,8,130,2978,131,93
4/4/2020,2,8,113,3075,118,96
4/5/2020,2,8,141,3311,128,93
4/6/2020,2,8,73,3451,104,95
4/7/2020,2,8,83,3447,125,94
4/8/2020,2,8,93,3358,103,98
4/9/2020,2,8,108,2989,118,98
4/10/2020,2,8,138,3419,126,92
4/11/2020,2,8,107,3026,132,95
4/12/2020,2,8,127,2586,130,94
4/13/2020,2,8,75,2513,132,97
4/14/2020,2,8,93,2974,116,93
4/15/2020,2,8,107,3308,123,92
4/16/2020,2,8,102,2871,135,92
4/17/2020,2,8,96,2791,114,95
4/18/2020,2,8,100,3444,129,92
4/19/2020,2,8,130,2503,129,92
4/20/2020,2,8,89,3416,129,93
4/21/2020,2,8,91,2669,111,92
4/22/2020,2,8,96,3210,102,97
4/23/2020,2,8,105,3353,130,91
4/24/2020,2,8,112,2709,107,92
4/25/2020,2,8,107,2552,103,92
4/26/2020,2,8,116,2663,112,95
4/27/2020,2,8,80,2655,103,96
4/28/2020,2,8,94,3112,101,94
4/29/2020,2,8,79,3140,102,97
4/30/2020,2,8,82,2578,107,91
5/1/2020,2,8,130,2794,132,93
5/2/2020,2,8,124,3203,128,94
5/3/2020,2,8,137,2910,108,93
5/4/2020,2,8,93,3415,117,95
5/5/2020,2,8,127,2837,121,94
5/6/2020,2,8,112,3119,111,96
5/7/2020,2,8,114,3403,122,98
5/8/2020,2,8,115,3365,124,98
5/9/2020,2,8,131,3483,134,97
5/10/2020,2,8,139,3186,103,97
5/11/2020,2,8,96,2992,102,92
5/12/2020,2,8,94,2516,126,92
5/13/2020,2,8,94,2950,101,93
5/14/2020,2,8,103,2631,117,95
5/15/2020,2,8,123,2518,126,93
5/16/2020,2,8,125,2561,135,92
5/17/2020,2,8,135,3315,101,95
5/18/2020,2,8,73,2665,121,96
5/19/2020,2,8,110,2592,119,97
5/20/2020,2,8,107,2927,101,97
5/21/2020,2,8,114,3223,103,92
5/22/2020,2,8,122,2647,124,95
5/23/2020,2,8,123,3378,102,92
5/24/2020,2,8,117,2628,128,95
5/25/2020,2,8,98,2877,111,97
5/26/2020,2,8,82,2511,135,92
5/27/2020,2,8,99,3291,106,91
5/28/2020,2,8,117,3001,132,96
5/29/2020,2,8,109,2895,119,92
5/30/2020,2,8,142,3340,122,97
5/31/2020,2,8,118,3068,119,97
6/1/2020,2,8,92,3392,114,95
6/2/2020,2,8,85,3208,118,91
6/3/2020,2,8,115,3003,117,91
6/4/2020,2,8,128,2938,109,95
6/5/2020,2,8,140,2980,130,97
6/6/2020,2,8,157,2758,127,95
6/7/2020,2,8,155,2831,126,96
6/8/2020,2,8,89,2991,129,93
6/9/2020,2,8,122,2916,132,94
6/10/2020,2,8,119,2597,129,92
6/11/2020,2,8,118,2679,117,92
6/12/2020,2,8,126,3376,112,91
6/13/2020,2,8,147,3093,105,92
6/14/2020,2,8,163,3464,116,94
6/15/2020,2,8,77,2575,106,91
6/16/2020,2,8,105,2502,107,98
6/17/2020,2,8,107,2679,129,94
6/18/2020,2,8,110,3482,111,91
6/19/2020,2,8,111,2623,132,93
6/20/2020,2,8,143,2725,119,91
6/21/2020,2,8,121,3030,131,94
6/22/2020,2,8,87,3010,106,96
6/23/2020,2,8,107,3293,125,98
6/24/2020,2,8,118,2942,121,92
6/25/2020,2,8,132,3371,126,97
6/26/2020,2,8,123,2625,127,94
6/27/2020,2,8,126,3119,112,97
6/28/2020,2,8,132,2847,104,97
6/29/2020,2,8,100,2637,126,96
6/30/2020,2,8,108,3011,104,91
7/1/2020,2,8,115,3500,103,98
7/2/2020,2,8,135,2952,131,96
7/3/2020,2,8,113,3498,132,97
7/4/2020,2,8,128,2992,105,91
7/5/2020,2,8,148,3174,117,95
7/6/2020,2,8,115,3300,133,97
7/7/2020,2,8,109,2861,104,98
7/8/2020,2,8,97,3481,115,98
7/9/2020,2,8,142,3343,124,97
7/10/2020,2,8,148,3192,127,97
7/11/2020,2,8,121,3220,112,97
7/12/2020,2,8,163,2668,114,92
7/13/2020,2,8,117,2987,103,97
7/14/2020,2,8,117,2698,126,96
7/15/2020,2,8,120,3481,130,92
7/16/2020,2,8,104,3066,105,97
7/17/2020,2,8,148,3347,105,93
7/18/2020,2,8,150,3277,123,98
7/19/2020,2,8,154,3366,117,94
7/20/2020,2,8,102,2554,130,96
7/21/2020,2,8,116,3273,130,95
7/22/2020,2,8,117,2574,109,92
7/23/2020,2,8,139,3131,108,93
7/24/2020,2,8,141,3182,111,93
7/25/2020,2,8,131,3312,120,96
7/26/2020,2,8,165,3317,118,98
7/27/2020,2,8,120,3464,123,93
7/28/2020,2,8,102,2688,102,93
7/29/2020,2,8,117,2926,115,97
7/30/2020,2,8,138,2986,105,96
7/31/2020,2,8,133,2719,123,94
8/1/2020,2,8,128,3419,111,96
8/2/2020,2,8,115,3369,133,95
8/3/2020,2,8,89,3205,108,97
8/4/2020,2,8,97,2898,133,94
8/5/2020,2,8,97,3353,116,93
8/6/2020,2,8,94,2594,110,95
8/7/2020,2,8,107,3485,108,98
8/8/2020,2,8,125,2846,120,91
8/9/2020,2,8,116,2926,106,92
8/10/2020,2,8,91,2875,110,91
8/11/2020,2,8,111,2862,108,92
8/12/2020,2,8,75,3058,116,96
8/13/2020,2,8,113,2751,111,97
8/14/2020,2,8,110,3224,123,98
8/15/2020,2,8,117,3406,126,98
8/16/2020,2,8,126,2842,115,93
8/17/2020,2,8,88,2591,114,98
8/18/2020,2,8,102,3392,119,91
8/19/2020,2,8,106,3113,116,93
8/20/2020,2,8,93,3232,128,97
8/21/2020,2,8,113,3459,103,96
8/22/2020,2,8,127,3198,112,97
8/23/2020,2,8,116,2516,131,93
8/24/2020,2,8,70,2976,134,95
8/25/2020,2,8,109,2631,117,94
8/26/2020,2,8,96,2997,121,92
8/27/2020,2,8,127,3319,112,92
8/28/2020,2,8,126,3161,132,96
8/29/2020,2,8,122,3045,124,93
8/30/2020,2,8,135,3073,109,92
8/31/2020,2,8,115,3362,129,92
9/1/2020,2,8,97,2684,112,98
9/2/2020,2,8,100,3287,107,91
9/3/2020,2,8,101,3241,101,91
9/4/2020,2,8,121,3199,116,93
9/5/2020,2,8,126,3171,135,93
9/6/2020,2,8,126,3191,117,94
9/7/2020,2,8,76,2561,126,97
9/8/2020,2,8,98,3106,133,95
9/9/2020,2,8,120,2563,118,96
9/10/2020,2,8,91,3159,125,93
9/11/2020,2,8,109,3439,122,93
9/12/2020,2,8,113,3142,125,91
9/13/2020,2,8,135,2838,102,96
9/14/2020,2,8,80,2872,122,92
9/15/2020,2,8,102,2655,127,97
9/16/2020,2,8,79,3336,105,98
9/17/2020,2,8,111,2571,124,97
9/18/2020,2,8,120,3026,128,96
9/19/2020,2,8,122,2520,106,91
9/20/2020,2,8,131,2578,124,97
9/21/2020,2,8,87,2881,113,91
9/22/2020,2,8,89,3109,113,98
9/23/2020,2,8,103,2799,133,97
9/24/2020,2,8,109,2910,107,96
9/25/2020,2,8,111,3084,122,91
9/26/2020,2,8,116,3185,114,96
9/27/2020,2,8,134,3130,130,92
9/28/2020,2,8,100,2770,135,97
9/29/2020,2,8,118,2559,111,92
9/30/2020,2,8,85,3481,120,92
10/1/2020,2,8,92,2539,131,91
10/2/2020,2,8,120,2656,115,98
10/3/2020,2,8,91,2897,135,91
10/4/2020,2,8,95,2517,115,92
10/5/2020,2,8,79,3443,118,95
10/6/2020,2,8,87,2857,102,98
10/7/2020,2,8,86,2916,116,93
10/8/2020,2,8,105,2513,103,97
10/9/2020,2,8,98,2842,123,97
10/10/2020,2,8,99,3487,120,98
10/11/2020,2,8,127,3239,128,94
10/12/2020,2,8,77,2740,103,93
10/13/2020,2,8,102,2659,127,91
10/14/2020,2,8,96,3494,121,95
10/15/2020,2,8,102,3218,128,97
10/16/2020,2,8,107,3344,110,96
10/17/2020,2,8,103,2518,105,94
10/18/2020,2,8,105,2846,105,91
10/19/2020,2,8,71,2517,114,96
10/20/2020,2,8,90,2891,134,95
10/21/2020,2,8,78,2675,127,96
10/22/2020,2,8,81,2596,117,92
10/23/2020,2,8,107,3498,106,97
10/24/2020,2,8,117,3207,111,95
10/25/2020,2,8,118,2895,132,98
10/26/2020,2,8,89,3173,122,97
10/27/2020,2,8,85,2888,113,98
10/28/2020,2,8,101,2727,132,98
10/29/2020,2,8,86,3092,134,95
10/30/2020,2,8,113,3007,124,92
10/31/2020,2,8,102,3334,111,92
11/1/2020,2,8,122,3478,117,96
11/2/2020,2,8,77,2845,123,94
11/3/2020,2,8,96,2904,130,94
11/4/2020,2,8,90,3379,123,98
11/5/2020,2,8,101,2755,129,95
11/6/2020,2,8,117,2543,108,97
11/7/2020,2,8,122,3155,133,92
11/8/2020,2,8,125,2765,122,91
11/9/2020,2,8,89,3267,111,95
11/10/2020,2,8,90,3194,134,92
11/11/2020,2,8,108,2520,132,93
11/12/2020,2,8,128,3302,131,95
11/13/2020,2,8,105,2569,101,93
11/14/2020,2,8,111,3008,110,95
11/15/2020,2,8,117,3152,117,98
11/16/2020,2,8,87,2784,116,97
11/17/2020,2,8,96,2783,101,96
11/18/2020,2,8,84,3112,122,93
11/19/2020,2,8,88,2570,125,94
11/20/2020,2,8,129,3310,104,93
11/21/2020,2,8,115,3071,125,96
11/22/2020,2,8,100,2634,123,91
11/23/2020,2,8,91,3275,111,91
11/24/2020,2,8,105,3257,133,92
11/25/2020,2,8,101,2767,126,92
11/26/2020,2,8,113,2847,114,92
11/27/2020,2,8,128,3062,102,95
11/28/2020,2,8,115,2941,111,98
11/29/2020,2,8,138,2828,117,95
11/30/2020,2,8,99,3259,129,91
12/1/2020,2,8,76,2761,132,94
12/2/2020,2,8,68,2874,111,91
12/3/2020,2,8,75,2760,125,91
12/4/2020,2,8,78,2582,110,95
12/5/2020,2,8,100,3380,107,92
12/6/2020,2,8,98,2691,120,92
12/7/2020,2,8,62,3486,101,98
12/8/2020,2,8,79,2986,113,97
12/9/2020,2,8,57,3438,128,95
12/10/2020,2,8,59,2533,114,95
12/11/2020,2,8,91,3362,130,95
12/12/2020,2,8,89,2950,124,96
12/13/2020,2,8,90,3119,107,93
12/14/2020,2,8,50,2936,126,93
12/15/2020,2,8,86,3451,103,95
12/16/2020,2,8,65,3445,123,92
12/17/2020,2,8,83,2568,133,93
12/18/2020,2,8,78,3076,134,91
12/19/2020,2,8,96,3492,101,97
12/20/2020,2,8,100,2860,127,93
12/21/2020,2,8,59,3193,121,93
12/22/2020,2,8,77,2636,135,96
12/23/2020,2,8,54,2538,117,98
12/24/2020,2,8,74,2898,135,96
12/25/2020,2,8,71,2947,102,91
12/26/2020,2,8,85,3148,113,91
12/27/2020,2,8,78,3239,121,96
12/28/2020,2,8,60,2979,102,94
12/29/2020,2,8,66,2871,126,91
12/30/2020,2,8,80,2813,119,92
12/31/2020,2,8,87,3004,106,96
1/1/2021,2,8,74,3485,118,98
1/2/2021,2,8,76,3182,118,97
1/3/2021,2,8,76,3403,107,96
1/4/2021,2,8,66,3406,106,91
1/5/2021,2,8,71,2555,134,93
1/6/2021,2,8,65,2688,129,98
1/7/2021,2,8,91,3116,125,97
1/8/2021,2,8,62,3450,134,94
1/9/2021,2,8,82,3255,106,94
1/10/2021,2,8,86,3194,126,95
1/11/2021,2,8,50,3441,103,98
1/12/2021,2,8,77,3266,135,96
1/13/2021,2,8,62,2935,108,91
1/14/2021,2,8,68,2932,117,97
1/15/2021,2,8,83,2721,108,93
1/16/2021,2,8,81,3221,125,91
1/17/2021,2,8,86,2539,106,94
1/18/2021,2,8,45,2645,115,96
1/19/2021,2,8,66,3306,132,96
1/20/2021,2,8,79,3309,123,97
1/21/2021,2,8,88,3180,115,93
1/22/2021,2,8,74,3285,121,93
1/23/2021,2,8,93,3059,107,91
1/24/2021,2,8,72,2752,112,95
1/25/2021,2,8,62,2974,112,94
1/26/2021,2,8,66,2901,117,91
1/27/2021,2,8,67,3176,120,96
1/28/2021,2,8,62,3239,109,96
1/29/2021,2,8,82,3259,119,92
1/30/2021,2,8,86,3246,126,91
1/31/2021,2,8,77,2706,102,98
2/1/2021,2,8,58,2602,102,97
2/2/2021,2,8,72,2756,119,93
2/3/2021,2,8,68,2896,107,98
2/4/2021,2,8,87,3477,103,94
2/5/2021,2,8,81,2655,108,98
2/6/2021,2,8,101,3315,101,93
2/7/2021,2,8,104,2813,133,94
2/8/2021,2,8,63,2622,103,91
2/9/2021,2,8,78,2803,127,91
2/10/2021,2,8,73,3164,107,94
2/11/2021,2,8,82,3223,133,93
2/12/2021,2,8,94,3367,112,96
2/13/2021,2,8,104,3079,122,94
2/14/2021,2,8,104,3348,131,92
2/15/2021,2,8,61,2668,125,91
2/16/2021,2,8,73,2564,123,94
2/17/2021,2,8,80,2972,112,94
2/18/2021,2,8,87,2611,112,93
2/19/2021,2,8,79,3285,108,98
2/20/2021,2,8,82,3218,128,91
2/21/2021,2,8,74,3238,123,98
2/22/2021,2,8,56,3308,101,97
2/23/2021,2,8,74,2718,111,92
2/24/2021,2,8,73,2701,115,93
2/25/2021,2,8,64,3046,119,92
2/26/2021,2,8,102,2825,116,92
2/27/2021,2,8,99,2676,120,95
2/28/2021,2,8,109,3460,109,94
2/29/2021,2,8,65,2945,106,93
3/1/2021,2,8,90,2791,124,92
3/2/2021,2,8,86,2939,125,94
3/3/2021,2,8,94,2621,101,97
3/4/2021,2,8,88,2698,110,94
3/5/2021,2,8,95,2633,135,94
3/6/2021,2,8,122,3406,110,95
3/7/2021,2,8,78,2745,131,96
3/8/2021,2,8,85,3316,133,94
3/9/2021,2,8,86,2567,103,93
3/10/2021,2,8,107,2678,105,95
3/11/2021,2,8,109,3300,121,92
3/12/2021,2,8,121,2625,101,92
3/13/2021,2,8,118,3309,119,91
3/14/2021,2,8,86,3409,125,94
3/15/2021,2,8,90,2535,130,97
3/16/2021,2,8,64,3437,116,97
3/17/2021,2,8,81,3365,117,98
3/18/2021,2,8,103,3195,120,97
3/19/2021,2,8,111,3128,131,96
3/20/2021,2,8,125,3063,117,93
3/21/2021,2,8,66,2563,120,92
3/22/2021,2,8,101,2633,108,94
3/23/2021,2,8,73,3310,129,91
3/24/2021,2,8,99,3158,110,98
3/25/2021,2,8,115,3141,119,96
3/26/2021,2,8,115,2529,132,93
3/27/2021,2,8,106,3186,105,98
3/28/2021,2,8,79,3150,121,92
3/29/2021,2,8,98,2811,119,96
3/30/2021,2,8,83,3236,128,96
3/31/2021,2,8,88,2612,132,94
4/1/2021,2,8,146,3291,103,94
4/2/2021,2,8,138,3189,108,96
4/3/2021,2,8,160,3021,134,92
4/4/2021,2,8,92,3104,121,95
4/5/2021,2,8,126,3202,105,97
4/6/2021,2,8,90,3426,109,96
4/7/2021,2,8,104,2531,123,95
4/8/2021,2,8,108,3337,123,92
4/9/2021,2,8,125,2776,118,93
4/10/2021,2,8,135,3170,132,95
4/11/2021,2,8,77,2898,135,95
4/12/2021,2,8,112,3021,120,98
4/13/2021,2,8,113,3084,124,93
4/14/2021,2,8,107,2519,132,97
4/15/2021,2,8,101,3049,104,91
4/16/2021,2,8,122,3242,135,95
4/17/2021,2,8,158,2546,115,96
4/18/2021,2,8,83,2739,118,92
4/19/2021,2,8,110,2853,115,96
4/20/2021,2,8,103,3174,112,96
4/21/2021,2,8,118,2952,129,95
4/22/2021,2,8,126,3219,130,98
4/23/2021,2,8,120,3116,128,98
4/24/2021,2,8,124,3123,128,92
4/25/2021,2,8,80,2614,108,95
4/26/2021,2,8,107,2502,134,91
4/27/2021,2,8,108,2657,106,92
4/28/2021,2,8,110,3308,132,94
4/29/2021,2,8,131,2814,127,93
4/30/2021,2,8,119,2757,120,98
5/1/2021,2,8,144,3409,117,95
5/2/2021,2,8,113,2890,107,96
5/3/2021,2,8,131,3459,127,92
5/4/2021,2,8,98,2822,110,96
5/5/2021,2,8,117,2628,129,97
5/6/2021,2,8,128,2924,113,95
5/7/2021,2,8,133,3263,119,98
5/8/2021,2,8,151,3414,123,94
5/9/2021,2,8,95,2791,134,92
5/10/2021,2,8,113,2789,128,94
5/11/2021,2,8,125,2726,110,93
5/12/2021,2,8,122,3345,126,92
5/13/2021,2,8,133,2985,107,96
5/14/2021,2,8,137,3196,118,92
5/15/2021,2,8,145,2527,124,93
5/16/2021,2,8,108,2543,134,93
5/17/2021,2,8,110,3105,113,97
5/18/2021,2,8,106,2535,110,93
5/19/2021,2,8,111,2709,134,91
5/20/2021,2,8,119,3436,109,96
5/21/2021,2,8,134,2671,133,91
5/22/2021,2,8,150,3277,123,98
5/23/2021,2,8,94,2667,116,94
5/24/2021,2,8,112,2731,109,95
5/25/2021,2,8,108,2666,128,98
5/26/2021,2,8,101,3377,118,96
5/27/2021,2,8,118,2899,127,95
5/28/2021,2,8,137,2873,124,91
5/29/2021,2,8,135,3343,108,92
5/30/2021,2,8,100,3131,130,98
5/31/2021,2,8,100,3037,118,97
6/1/2021,2,8,101,3479,115,97
6/2/2021,2,8,116,3110,130,98
6/3/2021,2,8,143,2518,116,96
6/4/2021,2,8,153,2717,134,96
6/5/2021,2,8,164,3259,107,91
6/6/2021,2,8,107,2684,120,98
6/7/2021,2,8,118,3132,113,95
6/8/2021,2,8,115,2574,118,98
6/9/2021,2,8,135,2706,118,91
6/10/2021,2,8,121,3280,105,97
6/11/2021,2,8,148,3473,110,91
6/12/2021,2,8,171,2589,104,92
6/13/2021,2,8,94,3358,135,97
6/14/2021,2,8,114,3022,103,92
6/15/2021,2,8,122,3273,105,91
6/16/2021,2,8,148,3383,122,93
6/17/2021,2,8,144,2904,131,93
6/18/2021,2,8,153,3167,103,91
6/19/2021,2,8,161,2624,127,96
6/20/2021,2,8,108,2928,128,97
6/21/2021,2,8,143,2587,133,98
6/22/2021,2,8,126,2718,118,96
6/23/2021,2,8,133,2991,103,91
6/24/2021,2,8,144,2728,128,98
6/25/2021,2,8,150,2525,123,97
6/26/2021,2,8,177,3137,102,97
6/27/2021,2,8,87,3033,106,96
6/28/2021,2,8,130,3234,114,96
6/29/2021,2,8,112,3180,126,92
6/30/2021,2,8,128,2897,124,92
7/1/2021,2,8,114,2742,112,96
7/2/2021,2,8,147,2753,128,94
7/3/2021,2,8,162,2579,123,95
7/4/2021,2,8,106,3307,113,94
7/5/2021,2,8,148,3317,109,94
7/6/2021,2,8,124,2988,107,98
7/7/2021,2,8,135,2546,111,96
7/8/2021,2,8,151,2792,123,92
7/9/2021,2,8,159,3438,115,93
7/10/2021,2,8,160,2643,108,95
7/11/2021,2,8,122,2659,103,91
7/12/2021,2,8,129,3169,126,96
7/13/2021,2,8,138,2589,109,97
7/14/2021,2,8,125,3482,108,91
7/15/2021,2,8,159,3144,116,98
7/16/2021,2,8,175,2904,110,91
7/17/2021,2,8,151,2595,114,96
7/18/2021,2,8,98,2778,102,98
7/19/2021,2,8,133,2711,128,97
7/20/2021,2,8,114,2614,108,96
7/21/2021,2,8,134,2962,115,91
7/22/2021,2,8,145,3463,131,95
7/23/2021,2,8,150,2559,134,97
7/24/2021,2,8,162,3211,103,95
7/25/2021,2,8,119,2580,105,94
7/26/2021,2,8,143,3381,132,98
7/27/2021,2,8,129,3214,115,98
7/28/2021,2,8,145,2599,122,96
7/29/2021,2,8,148,2642,134,98
7/30/2021,2,8,133,2763,129,93
7/31/2021,2,8,181,3314,109,96
8/1/2021,2,8,95,3384,105,96
8/2/2021,2,8,96,3155,108,94
8/3/2021,2,8,117,2513,115,91
8/4/2021,2,8,137,3218,114,91
8/5/2021,2,8,153,3312,107,96
8/6/2021,2,8,160,3073,134,98
8/7/2021,2,8,165,2690,101,98
8/8/2021,2,8,83,3499,118,92
8/9/2021,2,8,126,3316,110,94
8/10/2021,2,8,109,3442,121,98
8/11/2021,2,8,112,2618,128,91
8/12/2021,2,8,131,3107,129,92
8/13/2021,2,8,141,3128,109,97
8/14/2021,2,8,168,3249,132,97
8/15/2021,2,8,103,3124,102,97
8/16/2021,2,8,134,3376,109,93
8/17/2021,2,8,88,3426,122,91
8/18/2021,2,8,99,3414,135,97
8/19/2021,2,8,116,2706,130,95
8/20/2021,2,8,132,3035,108,92
8/21/2021,2,8,132,2925,132,96
8/22/2021,2,8,87,2546,116,96
8/23/2021,2,8,111,2947,131,96
8/24/2021,2,8,100,3062,117,93
8/25/2021,2,8,113,3398,104,98
8/26/2021,2,8,130,3074,128,96
8/27/2021,2,8,133,3139,111,96
8/28/2021,2,8,141,3388,124,95
8/29/2021,2,8,87,2630,114,95
8/30/2021,2,8,105,2635,114,96
8/31/2021,2,8,126,2848,127,97
9/1/2021,2,8,118,2735,128,91
9/2/2021,2,8,112,3385,110,94
9/3/2021,2,8,111,3299,118,96
9/4/2021,2,8,130,2588,128,96
9/5/2021,2,8,83,2606,131,94
9/6/2021,2,8,105,3197,134,96
9/7/2021,2,8,105,2526,105,94
9/8/2021,2,8,109,3084,112,97
9/9/2021,2,8,122,2733,127,91
9/10/2021,2,8,114,2714,108,94
9/11/2021,2,8,134,2504,117,91
9/12/2021,2,8,78,2666,107,94
9/13/2021,2,8,115,3015,127,94
9/14/2021,2,8,88,2984,103,95
9/15/2021,2,8,111,3453,109,96
9/16/2021,2,8,135,3378,127,91
9/17/2021,2,8,157,2589,130,98
9/18/2021,2,8,140,2708,120,95
9/19/2021,2,8,91,2592,102,97
9/20/2021,2,8,105,2963,122,93
9/21/2021,2,8,102,2849,131,94
9/22/2021,2,8,114,3265,134,91
9/23/2021,2,8,119,3133,130,92
9/24/2021,2,8,116,3468,119,95
9/25/2021,2,8,141,3131,102,92
9/26/2021,2,8,97,2982,124,94
9/27/2021,2,8,99,3213,129,91
9/28/2021,2,8,96,2826,125,95
9/29/2021,2,8,119,2594,131,91
9/30/2021,2,8,117,2899,113,96
10/1/2021,2,8,122,3040,132,95
10/2/2021,2,8,101,2692,118,97
10/3/2021,2,8,81,3462,110,93
10/4/2021,2,8,104,2616,107,91
10/5/2021,2,8,88,2914,124,94
10/6/2021,2,8,95,2689,122,97
10/7/2021,2,8,97,3134,110,93
10/8/2021,2,8,125,2513,134,92
10/9/2021,2,8,135,3420,132,94
10/10/2021,2,8,85,2974,130,91
10/11/2021,2,8,99,3415,101,94
10/12/2021,2,8,84,3405,113,94
10/13/2021,2,8,90,2844,127,98
10/14/2021,2,8,118,3468,119,93
10/15/2021,2,8,130,2741,104,93
10/16/2021,2,8,113,2562,114,92
10/17/2021,2,8,86,3042,122,92
10/18/2021,2,8,101,3234,116,93
10/19/2021,2,8,103,2576,133,93
10/20/2021,2,8,86,2546,132,94
10/21/2021,2,8,110,3253,101,97
10/22/2021,2,8,113,3169,114,91
10/23/2021,2,8,139,2508,123,92
10/24/2021,2,8,78,2576,134,97
10/25/2021,2,8,114,2640,122,93
10/26/2021,2,8,111,3284,131,93
10/27/2021,2,8,117,3103,113,98
10/28/2021,2,8,114,2602,128,94
10/29/2021,2,8,110,3356,110,94
10/30/2021,2,8,118,2606,127,91
10/31/2021,2,8,93,2630,125,94
11/1/2021,2,8,95,3115,110,95
11/2/2021,2,8,102,2910,122,97
11/3/2021,2,8,99,3447,111,97
11/4/2021,2,8,113,3201,103,97
11/5/2021,2,8,127,3437,104,95
11/6/2021,2,8,131,2503,131,96
11/7/2021,2,8,94,2946,115,92
11/8/2021,2,8,101,2786,119,97
11/9/2021,2,8,96,2803,113,93
11/10/2021,2,8,108,2563,122,95
11/11/2021,2,8,119,3183,130,92
11/12/2021,2,8,113,3164,101,92
11/13/2021,2,8,133,3273,130,93
11/14/2021,2,8,96,2641,106,98
11/15/2021,2,8,112,2592,121,93
11/16/2021,2,8,96,3128,130,92
11/17/2021,2,8,104,2868,116,98
11/18/2021,2,8,115,2694,105,92
11/19/2021,2,8,151,3361,103,93
11/20/2021,2,8,125,3072,102,92
11/21/2021,2,8,96,2989,125,93
11/22/2021,2,8,121,3368,125,97
11/23/2021,2,8,108,2905,105,98
11/24/2021,2,8,98,3282,107,96
11/25/2021,2,8,109,2808,106,97
11/26/2021,2,8,133,2935,118,96
11/27/2021,2,8,129,3080,108,93
11/28/2021,2,8,70,3041,113,94
11/29/2021,2,8,103,2774,132,91
11/30/2021,2,8,106,3480,130,97
12/1/2021,2,8,60,2572,135,94
12/2/2021,2,8,72,2801,125,94
12/3/2021,2,8,86,3498,111,93
12/4/2021,2,8,99,2645,102,94
12/5/2021,2,8,70,3247,118,95
12/6/2021,2,8,68,2784,102,94
12/7/2021,2,8,85,3347,122,95
12/8/2021,2,8,87,2510,128,92
12/9/2021,2,8,86,3236,120,94
12/10/2021,2,8,105,2735,122,92
12/11/2021,2,8,112,2633,135,96
12/12/2021,2,8,66,3158,112,95
12/13/2021,2,8,87,2525,115,98
12/14/2021,2,8,77,2825,110,96
12/15/2021,2,8,88,2718,117,94
12/16/2021,2,8,88,3231,122,95
12/17/2021,2,8,92,3311,119,97
12/18/2021,2,8,98,3298,101,95
12/19/2021,2,8,69,2719,105,92
12/20/2021,2,8,70,3166,114,94
12/21/2021,2,8,75,2777,135,91
12/22/2021,2,8,76,2863,112,95
12/23/2021,2,8,76,2740,133,97
12/24/2021,2,8,83,3207,130,96
12/25/2021,2,8,88,2510,122,96
12/26/2021,2,8,54,2519,108,98
12/27/2021,2,8,81,3062,130,94
12/28/2021,2,8,67,3075,115,92
12/29/2021,2,8,95,2913,104,97
12/30/2021,2,8,104,2647,120,91
12/31/2021,2,8,83,2723,127,97
1/1/2022,2,8,82,3197,124,96
1/2/2022,2,8,59,3160,109,98
1/3/2022,2,8,74,3156,101,93
1/4/2022,2,8,58,3278,110,94
1/5/2022,2,8,65,3416,120,98
1/6/2022,2,8,88,3068,113,92
1/7/2022,2,8,102,3113,102,93
1/8/2022,2,8,92,2715,134,92
1/9/2022,2,8,62,2897,111,95
1/10/2022,2,8,66,2914,108,96
1/11/2022,2,8,67,2851,120,91
1/12/2022,2,8,68,3414,109,95
1/13/2022,2,8,72,3239,101,91
1/14/2022,2,8,78,3156,131,94
1/15/2022,2,8,93,3053,117,95
1/16/2022,2,8,46,3152,112,97
1/17/2022,2,8,69,2979,134,92
1/18/2022,2,8,65,3358,102,95
1/19/2022,2,8,62,3285,114,92
1/20/2022,2,8,99,2558,128,97
1/21/2022,2,8,74,3006,115,94
1/22/2022,2,8,98,3086,114,96
1/23/2022,2,8,63,2658,117,91
1/24/2022,2,8,80,3118,123,93
1/25/2022,2,8,69,3000,130,92
1/26/2022,2,8,61,3401,132,92
1/27/2022,2,8,63,3349,110,95
1/28/2022,2,8,91,3232,113,91
1/29/2022,2,8,75,3230,120,92
1/30/2022,2,8,65,2698,105,98
1/31/2022,2,8,61,2532,116,98
2/1/2022,2,8,82,3097,113,91
2/2/2022,2,8,84,3074,112,96
2/3/2022,2,8,90,3293,115,93
2/4/2022,2,8,95,3350,120,94
2/5/2022,2,8,106,3087,134,91
2/6/2022,2,8,75,2753,127,92
2/7/2022,2,8,70,3121,126,98
2/8/2022,2,8,84,3297,125,97
2/9/2022,2,8,74,2879,121,97
2/10/2022,2,8,103,3494,127,94
2/11/2022,2,8,88,2893,105,95
2/12/2022,2,8,90,2865,132,97
2/13/2022,2,8,61,3181,115,92
2/14/2022,2,8,75,2892,121,91
2/15/2022,2,8,67,2546,106,91
2/16/2022,2,8,69,3452,127,92
2/17/2022,2,8,92,2864,127,94
2/18/2022,2,8,94,3394,130,91
2/19/2022,2,8,88,2928,112,95
2/20/2022,2,8,73,3138,121,98
2/21/2022,2,8,80,3098,104,94
2/22/2022,2,8,80,3093,131,95
2/23/2022,2,8,83,3454,111,94
2/24/2022,2,8,93,2912,103,94
2/25/2022,2,8,98,2981,129,91
2/26/2022,2,8,97,3332,115,97
2/27/2022,2,8,56,3390,130,93
2/28/2022,2,8,81,2520,122,98
3/1/2022,2,8,114,2975,124,94
3/2/2022,2,8,94,2929,126,98
3/3/2022,2,8,114,2510,103,94
3/4/2022,2,8,106,2728,135,94
3/5/2022,2,8,92,3311,109,95
3/6/2022,2,8,76,2911,127,97
3/7/2022,2,8,90,3404,128,98
3/8/2022,2,8,98,2604,118,96
3/9/2022,2,8,107,3499,122,94
3/10/2022,2,8,118,2870,131,93
3/11/2022,2,8,89,2984,122,96
3/12/2022,2,8,122,3349,110,93
3/13/2022,2,8,78,2854,134,95
3/14/2022,2,8,98,3091,122,96
3/15/2022,2,8,100,3245,131,94
3/16/2022,2,8,100,3205,101,94
3/17/2022,2,8,96,3393,123,91
3/18/2022,2,8,105,3235,125,92
3/19/2022,2,8,93,2640,111,91
3/20/2022,2,8,89,2934,132,96
3/21/2022,2,8,88,2718,102,93
3/22/2022,2,8,100,2630,121,95
3/23/2022,2,8,93,2956,107,92
3/24/2022,2,8,108,2770,107,96
3/25/2022,2,8,116,2785,134,98
3/26/2022,2,8,123,3428,135,95
3/27/2022,2,8,85,3402,113,93
3/28/2022,2,8,105,3107,110,93
3/29/2022,2,8,98,3496,134,93
3/30/2022,2,8,107,3301,117,97
3/31/2022,2,8,94,3340,105,92
4/1/2022,2,8,131,3454,130,95
4/2/2022,2,8,146,3354,133,98
4/3/2022,2,8,82,2544,123,92
4/4/2022,2,8,104,2508,117,92
4/5/2022,2,8,97,2760,133,91
4/6/2022,2,8,117,2971,135,97
4/7/2022,2,8,121,3495,121,96
4/8/2022,2,8,142,2643,135,97
4/9/2022,2,8,161,2594,120,96
4/10/2022,2,8,95,2684,115,94
4/11/2022,2,8,106,2923,119,96
4/12/2022,2,8,102,3384,121,97
4/13/2022,2,8,113,3004,104,95
4/14/2022,2,8,116,2735,101,93
4/15/2022,2,8,120,3327,131,98
4/16/2022,2,8,129,3270,122,98
4/17/2022,2,8,93,2582,123,97
4/18/2022,2,8,100,3360,122,95
4/19/2022,2,8,104,3219,112,96
4/20/2022,2,8,125,3466,102,97
4/21/2022,2,8,110,2537,125,97
4/22/2022,2,8,129,3438,119,98
4/23/2022,2,8,144,2715,101,98
4/24/2022,2,8,85,3404,123,96
4/25/2022,2,8,118,3073,134,96
4/26/2022,2,8,94,2535,115,96
4/27/2022,2,8,100,2960,104,94
4/28/2022,2,8,138,2762,126,91
4/29/2022,2,8,161,3133,103,97
4/30/2022,2,8,136,3267,102,91
5/1/2022,2,8,93,3303,103,95
5/2/2022,2,8,117,2720,122,95
5/3/2022,2,8,119,2950,108,92
5/4/2022,2,8,134,2538,121,93
5/5/2022,2,8,128,2749,127,93
5/6/2022,2,8,143,2551,101,97
5/7/2022,2,8,134,3087,119,92
5/8/2022,2,8,101,2651,106,93
5/9/2022,2,8,108,2572,117,97
5/10/2022,2,8,121,2956,124,97
5/11/2022,2,8,135,3270,109,93
5/12/2022,2,8,137,2622,104,91
5/13/2022,2,8,147,2957,104,94
5/14/2022,2,8,145,2653,113,94
5/15/2022,2,8,101,2677,103,93
5/16/2022,2,8,119,3259,134,94
5/17/2022,2,8,109,2807,127,97
5/18/2022,2,8,126,2520,115,98
5/19/2022,2,8,127,2968,128,97
5/20/2022,2,8,155,3295,115,91
5/21/2022,2,8,160,2781,107,96
5/22/2022,2,8,109,2897,115,96
5/23/2022,2,8,102,3300,104,91
5/24/2022,2,8,115,2875,108,91
5/25/2022,2,8,135,2749,123,97
5/26/2022,2,8,128,2675,117,97
5/27/2022,2,8,140,3345,115,96
5/28/2022,2,8,159,2601,131,95
5/29/2022,2,8,104,2606,126,91
5/30/2022,2,8,106,3332,103,93
5/31/2022,2,8,132,2696,134,92
6/1/2022,2,8,138,2502,113,92
6/2/2022,2,8,148,3087,126,95
6/3/2022,2,8,146,3121,102,92
6/4/2022,2,8,131,3306,126,94
6/5/2022,2,8,123,2807,103,95
6/6/2022,2,8,113,3140,127,95
6/7/2022,2,8,126,2873,132,91
6/8/2022,2,8,137,3393,118,92
6/9/2022,2,8,167,3215,103,94
6/10/2022,2,8,144,2986,114,91
6/11/2022,2,8,160,3263,101,95
6/12/2022,2,8,100,2685,127,92
6/13/2022,2,8,126,2519,104,92
6/14/2022,2,8,132,2502,106,94
6/15/2022,2,8,129,3220,130,97
6/16/2022,2,8,149,3307,104,98
6/17/2022,2,8,155,2973,121,98
6/18/2022,2,8,174,2595,108,91
6/19/2022,2,8,106,2735,116,95
6/20/2022,2,8,109,2700,101,95
6/21/2022,2,8,128,3423,125,97
6/22/2022,2,8,131,3080,124,92
6/23/2022,2,8,154,3440,134,91
6/24/2022,2,8,150,3330,111,93
6/25/2022,2,8,139,3471,121,94
6/26/2022,2,8,107,3006,122,91
6/27/2022,2,8,132,2877,119,97
6/28/2022,2,8,122,3138,110,96
6/29/2022,2,8,135,3354,108,95
6/30/2022,2,8,142,2706,119,94
7/1/2022,2,8,153,3123,119,93
7/2/2022,2,8,159,2603,102,98
7/3/2022,2,8,120,2754,119,93
7/4/2022,2,8,127,3500,118,93
7/5/2022,2,8,125,2670,104,93
7/6/2022,2,8,152,2811,122,93
7/7/2022,2,8,159,2773,114,98
7/8/2022,2,8,154,2644,132,97
7/9/2022,2,8,150,2598,123,97
7/10/2022,2,8,121,3200,113,92
7/11/2022,2,8,110,2814,126,98
7/12/2022,2,8,129,2711,113,91
7/13/2022,2,8,126,3421,126,98
7/14/2022,2,8,140,2960,114,97
7/15/2022,2,8,159,3272,123,98
7/16/2022,2,8,169,2657,101,94
7/17/2022,2,8,110,2556,133,97
7/18/2022,2,8,128,2849,104,98
7/19/2022,2,8,134,2778,133,97
7/20/2022,2,8,144,3410,134,94
7/21/2022,2,8,143,2683,101,95
7/22/2022,2,8,156,3119,119,98
7/23/2022,2,8,168,2837,118,97
7/24/2022,2,8,119,3122,111,98
7/25/2022,2,8,122,3387,105,97
7/26/2022,2,8,136,2829,102,92
7/27/2022,2,8,145,2752,116,93
7/28/2022,2,8,160,3289,115,92
7/29/2022,2,8,170,2535,126,96
7/30/2022,2,8,160,3388,103,98
7/31/2022,2,8,113,2731,133,91
8/1/2022,2,8,108,2900,128,96
8/2/2022,2,8,110,2554,114,95
8/3/2022,2,8,154,3399,109,92
8/4/2022,2,8,148,3278,122,95
8/5/2022,2,8,131,3203,107,96
8/6/2022,2,8,156,2882,112,96
8/7/2022,2,8,106,3303,126,95
8/8/2022,2,8,113,2599,114,97
8/9/2022,2,8,100,2890,104,91
8/10/2022,2,8,119,2592,134,92
8/11/2022,2,8,160,3392,128,96
8/12/2022,2,8,141,2898,102,98
8/13/2022,2,8,135,2847,122,96
8/14/2022,2,8,101,3279,116,96
8/15/2022,2,8,120,2647,127,96
8/16/2022,2,8,121,3006,132,96
8/17/2022,2,8,109,3251,104,97
8/18/2022,2,8,123,2663,102,96
8/19/2022,2,8,161,2502,122,92
8/20/2022,2,8,150,2591,117,92
8/21/2022,2,8,108,2987,119,98
8/22/2022,2,8,115,3229,131,91
8/23/2022,2,8,107,3268,118,93
8/24/2022,2,8,129,3396,111,96
8/25/2022,2,8,131,2600,117,98
8/26/2022,2,8,143,2952,115,98
8/27/2022,2,8,157,3355,120,92
8/28/2022,2,8,101,3184,108,98
8/29/2022,2,8,96,2571,113,96
8/30/2022,2,8,106,3035,103,91
8/31/2022,2,8,125,3227,108,96
9/1/2022,2,8,130,2574,131,94
9/2/2022,2,8,120,2646,120,95
9/3/2022,2,8,136,2735,128,91
9/4/2022,2,8,83,2922,112,94
9/5/2022,2,8,87,2817,110,92
9/6/2022,2,8,105,2582,132,97
9/7/2022,2,8,121,2547,118,93
9/8/2022,2,8,145,2799,130,96
9/9/2022,2,8,102,3336,112,95
9/10/2022,2,8,125,2570,134,97
9/11/2022,2,8,93,2927,112,96
9/12/2022,2,8,117,3140,115,95
9/13/2022,2,8,107,3440,108,92
9/14/2022,2,8,131,2824,114,94
9/15/2022,2,8,110,2910,135,92
9/16/2022,2,8,129,3111,119,93
9/17/2022,2,8,153,3424,124,92
9/18/2022,2,8,98,2769,128,97
9/19/2022,2,8,106,3105,133,97
9/20/2022,2,8,95,3023,133,97
9/21/2022,2,8,113,3459,101,95
9/22/2022,2,8,110,3186,127,97
9/23/2022,2,8,131,3279,109,98
9/24/2022,2,8,154,2939,111,94
9/25/2022,2,8,105,2769,116,97
9/26/2022,2,8,122,2877,120,96
9/27/2022,2,8,118,3042,103,95
9/28/2022,2,8,124,2619,119,94
9/29/2022,2,8,111,2825,115,93
9/30/2022,2,8,120,3021,103,92
10/1/2022,2,8,134,3499,109,92
10/2/2022,2,8,79,3333,121,91
10/3/2022,2,8,89,3408,114,98
10/4/2022,2,8,90,3350,105,95
10/5/2022,2,8,112,2574,130,96
10/6/2022,2,8,120,3119,105,98
10/7/2022,2,8,145,3178,130,91
10/8/2022,2,8,125,3236,105,91
10/9/2022,2,8,86,2778,107,97
10/10/2022,2,8,88,3010,105,93
10/11/2022,2,8,106,3200,127,97
10/12/2022,2,8,100,2717,127,95
10/13/2022,2,8,110,2779,109,93
10/14/2022,2,8,119,3316,120,95
10/15/2022,2,8,109,3432,129,97
10/16/2022,2,8,77,3350,134,93
10/17/2022,2,8,107,2906,117,95
10/18/2022,2,8,98,2791,122,94
10/19/2022,2,8,126,3024,113,98
10/20/2022,2,8,125,2949,132,98
10/21/2022,2,8,135,3319,113,94
10/22/2022,2,8,133,3042,121,97
10/23/2022,2,8,98,3250,102,94
10/24/2022,2,8,97,2716,113,98
10/25/2022,2,8,131,3280,135,92
10/26/2022,2,8,122,2734,115,93
10/27/2022,2,8,102,3278,131,96
10/28/2022,2,8,126,3298,122,95
10/29/2022,2,8,137,2783,108,93
10/30/2022,2,8,112,2602,129,95
10/31/2022,2,8,93,2699,121,91
11/1/2022,2,8,121,2894,114,95
11/2/2022,2,8,110,2688,127,91
11/3/2022,2,8,131,2849,133,94
11/4/2022,2,8,128,3052,110,97
11/5/2022,2,8,124,3406,123,98
11/6/2022,2,8,98,2775,108,94
11/7/2022,2,8,114,2520,119,92
11/8/2022,2,8,100,3062,132,92
11/9/2022,2,8,110,2515,135,94
11/10/2022,2,8,125,3209,124,96
11/11/2022,2,8,118,3399,119,93
11/12/2022,2,8,135,3442,122,96
11/13/2022,2,8,100,3431,106,94
11/14/2022,2,8,118,3201,103,94
11/15/2022,2,8,102,2838,114,95
11/16/2022,2,8,113,3344,124,96
11/17/2022,2,8,113,3454,103,98
11/18/2022,2,8,122,3450,107,94
11/19/2022,2,8,122,3205,125,95
11/20/2022,2,8,89,3396,117,91
11/21/2022,2,8,124,3305,114,91
11/22/2022,2,8,98,3168,110,95
11/23/2022,2,8,133,3220,127,97
11/24/2022,2,8,126,2518,126,98
11/25/2022,2,8,129,3323,109,96
11/26/2022,2,8,147,2823,123,92
11/27/2022,2,8,103,3215,105,93
11/28/2022,2,8,126,2503,107,95
11/29/2022,2,8,108,2647,107,91
11/30/2022,2,8,111,3055,101,91
12/1/2022,2,8,96,2690,128,97
12/2/2022,2,8,91,2637,111,92
12/3/2022,2,8,112,2674,112,93
12/4/2022,2,8,49,3343,124,96
12/5/2022,2,8,72,3351,113,91
12/6/2022,2,8,81,3004,105,92
12/7/2022,2,8,87,2706,135,93
12/8/2022,2,8,84,3249,116,95
12/9/2022,2,8,87,2863,113,92
12/10/2022,2,8,103,2675,106,91
12/11/2022,2,8,53,3462,135,98
12/12/2022,2,8,81,3230,111,93
12/13/2022,2,8,104,2940,110,96
12/14/2022,2,8,80,2756,132,98
12/15/2022,2,8,88,2962,109,96
12/16/2022,2,8,90,2739,122,95
12/17/2022,2,8,96,2617,132,93
12/18/2022,2,8,61,2717,106,98
12/19/2022,2,8,76,3378,112,93
12/20/2022,2,8,75,2767,123,91
12/21/2022,2,8,86,2852,131,95
12/22/2022,2,8,87,3047,115,92
12/23/2022,2,8,96,2978,133,97
12/24/2022,2,8,112,3324,115,97
12/25/2022,2,8,66,3329,131,95
12/26/2022,2,8,82,3235,103,93
12/27/2022,2,8,79,2967,106,94
12/28/2022,2,8,91,2987,135,93
12/29/2022,2,8,99,2542,112,93
12/30/2022,2,8,103,3497,112,96
12/31/2022,2,8,124,3237,109,92
1/1/2018,3,8,54,3383,106,92
1/2/2018,3,8,34,3073,115,93
1/3/2018,3,8,61,3266,132,92
1/4/2018,3,8,38,3310,105,93
1/5/2018,3,8,54,3409,134,92
1/6/2018,3,8,64,3005,121,95
1/7/2018,3,8,47,2698,105,91
1/8/2018,3,8,44,3286,112,93
1/9/2018,3,8,53,2630,105,95
1/10/2018,3,8,56,3036,109,98
1/11/2018,3,8,59,3461,117,91
1/12/2018,3,8,64,2547,105,93
1/13/2018,3,8,58,3223,107,98
1/14/2018,3,8,37,3399,117,92
1/15/2018,3,8,37,3125,129,98
1/16/2018,3,8,53,3419,126,98
1/17/2018,3,8,41,2955,104,95
1/18/2018,3,8,52,2891,104,94
1/19/2018,3,8,43,2762,132,96
1/20/2018,3,8,46,2792,128,97
1/21/2018,3,8,40,2662,131,98
1/22/2018,3,8,49,2631,131,96
1/23/2018,3,8,39,2668,135,93
1/24/2018,3,8,48,3339,110,96
1/25/2018,3,8,66,3165,119,96
1/26/2018,3,8,70,3044,106,98
1/27/2018,3,8,48,2983,112,91
1/28/2018,3,8,48,2764,132,96
1/29/2018,3,8,47,2593,135,98
1/30/2018,3,8,61,3247,114,95
1/31/2018,3,8,45,2764,125,98
2/1/2018,3,8,57,3430,106,96
2/2/2018,3,8,72,2532,127,93
2/3/2018,3,8,59,3425,121,96
2/4/2018,3,8,41,2664,128,92
2/5/2018,3,8,40,3438,110,98
2/6/2018,3,8,31,2557,117,96
2/7/2018,3,8,54,2930,101,96
2/8/2018,3,8,48,2600,123,98
2/9/2018,3,8,54,2980,103,94
2/10/2018,3,8,53,2913,120,92
2/11/2018,3,8,37,3284,113,97
2/12/2018,3,8,54,2513,132,93
2/13/2018,3,8,47,3227,115,91
2/14/2018,3,8,60,2736,120,93
2/15/2018,3,8,46,2825,110,94
2/16/2018,3,8,72,3320,113,97
2/17/2018,3,8,66,2851,113,91
2/18/2018,3,8,40,2627,133,93
2/19/2018,3,8,51,3147,105,96
2/20/2018,3,8,41,2597,112,91
2/21/2018,3,8,57,2746,132,91
2/22/2018,3,8,73,3190,102,91
2/23/2018,3,8,64,3326,116,92
2/24/2018,3,8,71,2614,112,92
2/25/2018,3,8,44,2543,118,93
2/26/2018,3,8,50,2865,111,92
2/27/2018,3,8,50,3482,127,93
2/28/2018,3,8,56,2731,110,94
3/1/2018,3,8,57,3199,123,94
3/2/2018,3,8,82,2730,114,97
3/3/2018,3,8,73,3307,104,93
3/4/2018,3,8,48,2680,125,97
3/5/2018,3,8,73,2897,101,91
3/6/2018,3,8,69,2733,130,91
3/7/2018,3,8,60,2787,110,92
3/8/2018,3,8,67,2986,116,93
3/9/2018,3,8,79,2805,103,96
3/10/2018,3,8,73,3011,128,98
3/11/2018,3,8,54,2738,103,92
3/12/2018,3,8,68,2828,102,92
3/13/2018,3,8,56,3086,113,92
3/14/2018,3,8,62,2905,106,97
3/15/2018,3,8,65,3009,109,94
3/16/2018,3,8,73,2695,109,94
3/17/2018,3,8,72,2991,131,91
3/18/2018,3,8,60,2625,117,92
3/19/2018,3,8,67,3015,116,98
3/20/2018,3,8,53,2798,105,97
3/21/2018,3,8,67,2960,135,91
3/22/2018,3,8,69,2589,116,91
3/23/2018,3,8,68,2512,115,91
3/24/2018,3,8,87,3024,126,94
3/25/2018,3,8,46,2616,116,97
3/26/2018,3,8,50,2665,126,92
3/27/2018,3,8,50,2597,117,95
3/28/2018,3,8,61,3259,126,92
3/29/2018,3,8,68,2859,103,92
3/30/2018,3,8,69,2899,106,96
3/31/2018,3,8,83,2691,108,93
4/1/2018,3,8,52,2534,109,93
4/2/2018,3,8,68,2699,113,92
4/3/2018,3,8,64,2721,122,92
4/4/2018,3,8,97,2889,122,91
4/5/2018,3,8,69,3411,114,91
4/6/2018,3,8,81,3413,107,94
4/7/2018,3,8,80,3288,126,92
4/8/2018,3,8,53,3135,127,93
4/9/2018,3,8,66,2716,114,94
4/10/2018,3,8,65,2606,129,94
4/11/2018,3,8,82,2600,105,94
4/12/2018,3,8,91,2922,135,95
4/13/2018,3,8,100,3142,110,98
4/14/2018,3,8,98,2971,134,93
4/15/2018,3,8,58,2841,119,96
4/16/2018,3,8,64,3158,106,91
4/17/2018,3,8,81,2841,107,95
4/18/2018,3,8,76,3012,113,93
4/19/2018,3,8,77,3249,126,98
4/20/2018,3,8,94,3379,113,98
4/21/2018,3,8,75,3166,110,94
4/22/2018,3,8,54,3310,121,92
4/23/2018,3,8,76,3356,125,98
4/24/2018,3,8,78,2714,103,91
4/25/2018,3,8,79,3389,120,96
4/26/2018,3,8,88,3081,102,93
4/27/2018,3,8,86,2889,119,91
4/28/2018,3,8,95,2975,109,98
4/29/2018,3,8,63,3298,134,94
4/30/2018,3,8,79,2935,132,98
5/1/2018,3,8,77,3161,131,92
5/2/2018,3,8,84,3269,116,94
5/3/2018,3,8,74,3336,130,95
5/4/2018,3,8,87,3377,129,92
5/5/2018,3,8,75,2742,135,96
5/6/2018,3,8,51,3220,105,92
5/7/2018,3,8,73,2925,107,92
5/8/2018,3,8,87,3450,105,97
5/9/2018,3,8,66,3239,124,94
5/10/2018,3,8,90,2657,129,97
5/11/2018,3,8,113,2908,132,92
5/12/2018,3,8,110,3291,108,92
5/13/2018,3,8,62,2747,111,91
5/14/2018,3,8,84,2625,116,91
5/15/2018,3,8,74,2853,124,91
5/16/2018,3,8,71,2941,108,98
5/17/2018,3,8,72,3324,113,95
5/18/2018,3,8,100,3006,106,95
5/19/2018,3,8,100,2750,106,91
5/20/2018,3,8,66,2887,105,96
5/21/2018,3,8,69,3393,106,91
5/22/2018,3,8,63,3458,115,97
5/23/2018,3,8,87,2714,111,94
5/24/2018,3,8,76,3185,131,93
5/25/2018,3,8,91,3251,121,93
5/26/2018,3,8,97,2724,130,94
5/27/2018,3,8,64,3175,122,91
5/28/2018,3,8,74,2743,133,95
5/29/2018,3,8,88,3489,126,98
5/30/2018,3,8,79,3380,114,94
5/31/2018,3,8,88,2814,118,98
6/1/2018,3,8,87,2641,130,91
6/2/2018,3,8,108,2677,133,97
6/3/2018,3,8,49,3028,119,94
6/4/2018,3,8,74,2736,133,91
6/5/2018,3,8,86,2711,133,91
6/6/2018,3,8,72,2951,107,91
6/7/2018,3,8,94,2798,104,91
6/8/2018,3,8,100,2719,104,94
6/9/2018,3,8,90,2784,132,96
6/10/2018,3,8,72,2803,116,96
6/11/2018,3,8,88,3206,122,91
6/12/2018,3,8,73,3131,114,98
6/13/2018,3,8,75,3316,128,98
6/14/2018,3,8,96,3300,119,94
6/15/2018,3,8,101,2617,135,97
6/16/2018,3,8,107,2609,104,95
6/17/2018,3,8,57,3331,133,92
6/18/2018,3,8,80,3259,109,98
6/19/2018,3,8,77,2906,117,94
6/20/2018,3,8,93,2936,113,94
6/21/2018,3,8,85,2997,103,98
6/22/2018,3,8,103,3021,113,98
6/23/2018,3,8,97,3106,135,97
6/24/2018,3,8,59,2728,108,97
6/25/2018,3,8,58,2520,101,91
6/26/2018,3,8,74,2920,115,98
6/27/2018,3,8,77,3142,112,95
6/28/2018,3,8,86,2572,132,97
6/29/2018,3,8,98,2912,104,93
6/30/2018,3,8,110,2551,104,92
7/1/2018,3,8,66,2629,110,95
7/2/2018,3,8,96,2636,117,91
7/3/2018,3,8,90,2659,104,94
7/4/2018,3,8,88,2945,135,92
7/5/2018,3,8,118,2599,132,98
7/6/2018,3,8,110,3447,101,91
7/7/2018,3,8,125,2698,114,92
7/8/2018,3,8,66,3340,118,91
7/9/2018,3,8,86,3482,120,98
7/10/2018,3,8,88,2962,128,91
7/11/2018,3,8,75,3057,106,96
7/12/2018,3,8,98,2937,101,96
7/13/2018,3,8,112,3022,112,93
7/14/2018,3,8,131,3445,111,91
7/15/2018,3,8,74,3248,130,93
7/16/2018,3,8,79,3188,131,91
7/17/2018,3,8,86,3487,129,92
7/18/2018,3,8,98,3293,114,93
7/19/2018,3,8,96,2503,135,91
7/20/2018,3,8,102,3446,105,92
7/21/2018,3,8,109,2749,118,96
7/22/2018,3,8,76,3424,105,94
7/23/2018,3,8,83,2985,114,98
7/24/2018,3,8,99,3076,104,96
7/25/2018,3,8,88,2872,105,94
7/26/2018,3,8,94,3317,131,95
7/27/2018,3,8,98,3108,132,97
7/28/2018,3,8,113,2823,128,98
7/29/2018,3,8,75,3314,108,96
7/30/2018,3,8,79,3354,117,96
7/31/2018,3,8,80,3013,113,96
8/1/2018,3,8,85,2898,129,97
8/2/2018,3,8,78,2506,111,95
8/3/2018,3,8,106,2769,109,95
8/4/2018,3,8,79,3274,103,91
8/5/2018,3,8,53,3050,102,94
8/6/2018,3,8,60,3109,106,91
8/7/2018,3,8,66,2561,135,93
8/8/2018,3,8,89,2819,127,98
8/9/2018,3,8,91,3130,107,96
8/10/2018,3,8,92,3290,104,98
8/11/2018,3,8,80,3190,132,93
8/12/2018,3,8,60,3128,131,93
8/13/2018,3,8,72,2779,125,92
8/14/2018,3,8,78,2925,122,95
8/15/2018,3,8,89,2562,108,94
8/16/2018,3,8,77,3497,113,95
8/17/2018,3,8,104,2910,120,97
8/18/2018,3,8,100,2979,108,91
8/19/2018,3,8,59,2749,112,97
8/20/2018,3,8,70,2645,118,97
8/21/2018,3,8,76,3017,121,92
8/22/2018,3,8,74,2815,131,93
8/23/2018,3,8,76,3173,129,98
8/24/2018,3,8,87,2963,103,92
8/25/2018,3,8,100,2528,105,96
8/26/2018,3,8,74,3030,133,97
8/27/2018,3,8,87,2911,109,96
8/28/2018,3,8,79,3015,123,98
8/29/2018,3,8,79,2827,132,96
8/30/2018,3,8,89,3346,112,95
8/31/2018,3,8,95,3289,114,95
9/1/2018,3,8,98,3121,105,96
9/2/2018,3,8,57,2624,117,97
9/3/2018,3,8,74,2977,128,93
9/4/2018,3,8,59,2790,128,95
9/5/2018,3,8,87,2862,112,96
9/6/2018,3,8,80,3054,103,95
9/7/2018,3,8,93,3052,125,91
9/8/2018,3,8,99,2916,126,92
9/9/2018,3,8,69,3066,120,96
9/10/2018,3,8,75,3317,129,95
9/11/2018,3,8,72,3055,131,95
9/12/2018,3,8,74,3132,106,92
9/13/2018,3,8,88,3093,102,91
9/14/2018,3,8,85,2599,120,92
9/15/2018,3,8,86,2555,111,92
9/16/2018,3,8,70,2975,122,91
9/17/2018,3,8,59,2536,133,98
9/18/2018,3,8,75,2619,124,95
9/19/2018,3,8,78,3404,109,94
9/20/2018,3,8,72,2661,128,94
9/21/2018,3,8,81,3055,101,95
9/22/2018,3,8,86,3250,123,97
9/23/2018,3,8,63,2984,122,96
9/24/2018,3,8,71,3015,125,92
9/25/2018,3,8,66,2907,101,98
9/26/2018,3,8,78,2650,103,93
9/27/2018,3,8,98,2556,120,97
9/28/2018,3,8,83,3216,134,96
9/29/2018,3,8,96,2688,108,94
9/30/2018,3,8,50,3469,116,98
10/1/2018,3,8,63,3086,114,96
10/2/2018,3,8,61,2871,112,97
10/3/2018,3,8,75,3334,109,93
10/4/2018,3,8,85,2700,122,98
10/5/2018,3,8,70,2516,106,94
10/6/2018,3,8,88,2513,134,91
10/7/2018,3,8,60,3445,103,95
10/8/2018,3,8,62,2653,134,95
10/9/2018,3,8,72,3421,118,98
10/10/2018,3,8,66,2567,132,92
10/11/2018,3,8,72,3307,107,93
10/12/2018,3,8,70,2751,117,92
10/13/2018,3,8,68,3181,123,91
10/14/2018,3,8,63,3446,124,94
10/15/2018,3,8,59,2831,118,97
10/16/2018,3,8,59,2784,106,92
10/17/2018,3,8,63,3100,129,97
10/18/2018,3,8,62,2642,133,94
10/19/2018,3,8,95,3025,130,92
10/20/2018,3,8,92,3352,113,96
10/21/2018,3,8,48,2796,134,94
10/22/2018,3,8,60,2687,110,97
10/23/2018,3,8,65,3483,102,91
10/24/2018,3,8,62,3208,104,95
10/25/2018,3,8,76,3201,124,93
10/26/2018,3,8,69,3478,113,94
10/27/2018,3,8,85,2871,125,96
10/28/2018,3,8,47,3287,116,93
10/29/2018,3,8,77,2920,107,92
10/30/2018,3,8,80,2950,118,94
10/31/2018,3,8,67,3420,107,96
11/1/2018,3,8,81,3062,111,93
11/2/2018,3,8,93,3494,122,93
11/3/2018,3,8,92,3489,129,92
11/4/2018,3,8,61,3303,109,98
11/5/2018,3,8,60,3458,113,98
11/6/2018,3,8,68,2843,130,92
11/7/2018,3,8,66,2951,122,93
11/8/2018,3,8,84,3393,103,98
11/9/2018,3,8,82,3155,124,97
11/10/2018,3,8,79,3219,128,96
11/11/2018,3,8,55,2996,113,96
11/12/2018,3,8,86,2755,105,97
11/13/2018,3,8,67,3401,119,94
11/14/2018,3,8,77,3313,135,98
11/15/2018,3,8,96,3102,126,91
11/16/2018,3,8,76,2783,132,93
11/17/2018,3,8,87,2724,124,92
11/18/2018,3,8,61,2622,115,91
11/19/2018,3,8,70,2720,121,96
11/20/2018,3,8,56,3248,115,95
11/21/2018,3,8,73,2736,119,96
11/22/2018,3,8,60,3079,115,98
11/23/2018,3,8,92,3029,130,91
11/24/2018,3,8,90,3024,103,93
11/25/2018,3,8,77,3402,107,94
11/26/2018,3,8,68,3442,110,93
11/27/2018,3,8,77,3280,133,98
11/28/2018,3,8,70,2946,107,91
11/29/2018,3,8,86,3087,134,97
11/30/2018,3,8,103,2789,115,98
12/1/2018,3,8,69,2837,101,91
12/2/2018,3,8,52,3448,135,92
12/3/2018,3,8,48,2733,126,95
12/4/2018,3,8,56,2831,114,95
12/5/2018,3,8,58,2994,107,95
12/6/2018,3,8,70,3266,119,95
12/7/2018,3,8,66,2566,124,92
12/8/2018,3,8,68,3179,131,97
12/9/2018,3,8,44,2632,126,93
12/10/2018,3,8,53,2618,107,93
12/11/2018,3,8,51,3353,108,98
12/12/2018,3,8,51,3094,123,92
12/13/2018,3,8,55,3021,116,97
12/14/2018,3,8,50,3416,122,93
12/15/2018,3,8,70,2894,118,91
12/16/2018,3,8,52,2967,104,93
12/17/2018,3,8,61,2860,129,94
12/18/2018,3,8,56,3395,112,98
12/19/2018,3,8,57,3156,107,93
12/20/2018,3,8,58,2973,109,91
12/21/2018,3,8,65,2644,105,92
12/22/2018,3,8,47,2822,106,97
12/23/2018,3,8,44,2647,118,96
12/24/2018,3,8,45,3447,119,94
12/25/2018,3,8,55,3199,124,92
12/26/2018,3,8,57,2970,126,95
12/27/2018,3,8,45,3482,124,98
12/28/2018,3,8,64,2810,111,92
12/29/2018,3,8,50,2682,124,96
12/30/2018,3,8,41,2880,102,93
12/31/2018,3,8,46,3257,103,91
1/1/2019,3,8,58,3399,127,91
1/2/2019,3,8,58,2680,128,92
1/3/2019,3,8,59,2925,111,93
1/4/2019,3,8,71,3193,114,98
1/5/2019,3,8,70,2873,116,96
1/6/2019,3,8,41,3098,112,95
1/7/2019,3,8,58,3225,116,94
1/8/2019,3,8,38,2844,104,98
1/9/2019,3,8,52,2663,104,92
1/10/2019,3,8,66,3409,135,97
1/11/2019,3,8,61,2641,101,97
1/12/2019,3,8,56,3089,120,95
1/13/2019,3,8,39,2991,117,94
1/14/2019,3,8,52,2656,101,95
1/15/2019,3,8,58,3384,102,91
1/16/2019,3,8,46,2984,112,95
1/17/2019,3,8,74,2873,128,92
1/18/2019,3,8,67,3159,132,93
1/19/2019,3,8,68,3210,134,98
1/20/2019,3,8,36,3028,111,96
1/21/2019,3,8,58,3393,129,91
1/22/2019,3,8,65,3443,113,93
1/23/2019,3,8,49,3249,133,98
1/24/2019,3,8,65,3310,135,94
1/25/2019,3,8,72,2993,107,94
1/26/2019,3,8,67,2626,107,96
1/27/2019,3,8,51,2768,104,92
1/28/2019,3,8,55,2998,106,95
1/29/2019,3,8,43,3378,128,95
1/30/2019,3,8,49,2644,133,96
1/31/2019,3,8,51,3411,108,93
2/1/2019,3,8,69,3009,124,97
2/2/2019,3,8,72,3332,123,94
2/3/2019,3,8,53,3329,124,95
2/4/2019,3,8,48,3161,109,98
2/5/2019,3,8,64,3165,106,97
2/6/2019,3,8,73,2669,105,96
2/7/2019,3,8,74,2645,130,97
2/8/2019,3,8,66,3357,132,97
2/9/2019,3,8,84,2595,132,97
2/10/2019,3,8,56,2786,110,91
2/11/2019,3,8,64,3478,110,93
2/12/2019,3,8,53,2532,124,97
2/13/2019,3,8,67,3121,104,94
2/14/2019,3,8,59,3264,116,96
2/15/2019,3,8,68,2962,114,94
2/16/2019,3,8,92,3484,106,95
2/17/2019,3,8,47,3051,131,91
2/18/2019,3,8,73,2605,120,93
2/19/2019,3,8,56,3255,114,96
2/20/2019,3,8,65,3261,135,97
2/21/2019,3,8,60,2709,106,97
2/22/2019,3,8,83,2673,132,93
2/23/2019,3,8,79,2773,125,96
2/24/2019,3,8,58,3421,132,92
2/25/2019,3,8,57,2691,130,94
2/26/2019,3,8,61,2926,124,97
2/27/2019,3,8,68,2528,130,93
2/28/2019,3,8,66,3434,121,98
3/1/2019,3,8,107,3161,123,96
3/2/2019,3,8,102,2998,108,96
3/3/2019,3,8,64,2954,107,94
3/4/2019,3,8,66,2641,103,92
3/5/2019,3,8,89,3252,121,94
3/6/2019,3,8,77,2745,121,94
3/7/2019,3,8,93,3266,114,96
3/8/2019,3,8,85,2732,119,94
3/9/2019,3,8,76,2596,128,98
3/10/2019,3,8,49,2536,133,93
3/11/2019,3,8,83,3393,110,91
3/12/2019,3,8,57,3404,134,92
3/13/2019,3,8,73,3373,115,97
3/14/2019,3,8,89,2782,126,96
3/15/2019,3,8,97,2955,104,95
3/16/2019,3,8,80,2855,128,91
3/17/2019,3,8,47,3059,134,91
3/18/2019,3,8,66,3069,124,97
3/19/2019,3,8,61,2572,135,96
3/20/2019,3,8,87,2659,104,93
3/21/2019,3,8,83,3211,114,96
3/22/2019,3,8,89,2750,115,96
3/23/2019,3,8,85,2713,108,98
3/24/2019,3,8,46,3488,111,98
3/25/2019,3,8,60,3060,132,94
3/26/2019,3,8,57,2794,103,92
3/27/2019,3,8,79,3140,132,97
3/28/2019,3,8,83,2996,131,96
3/29/2019,3,8,77,2670,133,98
3/30/2019,3,8,90,2602,114,93
3/31/2019,3,8,50,3246,121,91
4/1/2019,3,8,87,2560,110,91
4/2/2019,3,8,76,3240,117,94
4/3/2019,3,8,98,3459,104,95
4/4/2019,3,8,83,2817,133,95
4/5/2019,3,8,103,2638,123,93
4/6/2019,3,8,114,2982,128,95
4/7/2019,3,8,53,3353,125,92
4/8/2019,3,8,96,3438,117,96
4/9/2019,3,8,91,3389,106,95
4/10/2019,3,8,75,3194,112,91
4/11/2019,3,8,92,3368,124,97
4/12/2019,3,8,98,2509,134,97
4/13/2019,3,8,115,3265,104,96
4/14/2019,3,8,70,2801,119,97
4/15/2019,3,8,65,3253,104,97
4/16/2019,3,8,87,2786,122,93
4/17/2019,3,8,95,3276,101,91
4/18/2019,3,8,103,2549,117,98
4/19/2019,3,8,86,2750,109,93
4/20/2019,3,8,100,2613,109,95
4/21/2019,3,8,72,3198,119,91
4/22/2019,3,8,82,2502,121,92
4/23/2019,3,8,83,3359,116,91
4/24/2019,3,8,84,2564,103,94
4/25/2019,3,8,113,2685,115,97
4/26/2019,3,8,105,3271,117,93
4/27/2019,3,8,114,3187,117,96
4/28/2019,3,8,94,3066,125,97
4/29/2019,3,8,85,3428,124,92
4/30/2019,3,8,99,2527,110,92
5/1/2019,3,8,80,2728,135,96
5/2/2019,3,8,112,2679,124,94
5/3/2019,3,8,106,3049,116,94
5/4/2019,3,8,116,2884,127,93
5/5/2019,3,8,99,3353,114,92
5/6/2019,3,8,86,3104,127,94
5/7/2019,3,8,89,2861,104,97
5/8/2019,3,8,96,3077,109,93
5/9/2019,3,8,98,3399,111,95
5/10/2019,3,8,103,2568,129,92
5/11/2019,3,8,93,3478,135,91
5/12/2019,3,8,73,3310,104,92
5/13/2019,3,8,92,3367,115,97
5/14/2019,3,8,85,2729,128,97
5/15/2019,3,8,107,2971,123,92
5/16/2019,3,8,87,2555,106,98
5/17/2019,3,8,89,3208,114,96
5/18/2019,3,8,109,3269,117,97
5/19/2019,3,8,58,2971,125,95
5/20/2019,3,8,87,3089,105,98
5/21/2019,3,8,99,2669,125,91
5/22/2019,3,8,97,3451,108,95
5/23/2019,3,8,115,3430,120,95
5/24/2019,3,8,106,2833,112,95
5/25/2019,3,8,105,3442,131,96
5/26/2019,3,8,81,2704,119,92
5/27/2019,3,8,88,3142,116,93
5/28/2019,3,8,93,2673,126,96
5/29/2019,3,8,97,3427,125,95
5/30/2019,3,8,111,2945,102,97
5/31/2019,3,8,110,2672,125,92
6/1/2019,3,8,112,2655,126,97
6/2/2019,3,8,85,3032,110,95
6/3/2019,3,8,75,2549,121,98
6/4/2019,3,8,94,3084,117,92
6/5/2019,3,8,101,2821,104,97
6/6/2019,3,8,105,2727,108,95
6/7/2019,3,8,118,3360,102,94
6/8/2019,3,8,102,3317,135,92
6/9/2019,3,8,81,3427,132,94
6/10/2019,3,8,75,2774,133,97
6/11/2019,3,8,88,3232,109,94
6/12/2019,3,8,97,3349,117,93
6/13/2019,3,8,101,2835,106,94
6/14/2019,3,8,123,2855,105,92
6/15/2019,3,8,119,3402,120,93
6/16/2019,3,8,92,2861,127,96
6/17/2019,3,8,94,3263,123,95
6/18/2019,3,8,98,3013,107,91
6/19/2019,3,8,108,3162,120,97
6/20/2019,3,8,135,2717,113,93
6/21/2019,3,8,100,3325,104,97
6/22/2019,3,8,136,3406,128,96
6/23/2019,3,8,76,3267,122,92
6/24/2019,3,8,102,2687,132,95
6/25/2019,3,8,93,3494,106,92
6/26/2019,3,8,100,3210,126,94
6/27/2019,3,8,90,2674,133,91
6/28/2019,3,8,120,2970,122,93
6/29/2019,3,8,126,2751,124,97
6/30/2019,3,8,75,2612,109,94
7/1/2019,3,8,105,2903,128,95
7/2/2019,3,8,120,2508,126,95
7/3/2019,3,8,101,2602,119,91
7/4/2019,3,8,110,3309,130,95
7/5/2019,3,8,127,3150,131,92
7/6/2019,3,8,112,2701,124,91
7/7/2019,3,8,92,3266,132,98
7/8/2019,3,8,117,3305,107,94
7/9/2019,3,8,89,2627,103,91
7/10/2019,3,8,104,2903,108,96
7/11/2019,3,8,121,3448,118,91
7/12/2019,3,8,135,3325,104,92
7/13/2019,3,8,116,3399,102,98
7/14/2019,3,8,83,2872,121,97
7/15/2019,3,8,103,3286,119,93
7/16/2019,3,8,110,3426,112,91
7/17/2019,3,8,108,3399,104,95
7/18/2019,3,8,103,3248,101,96
7/19/2019,3,8,112,2607,132,96
7/20/2019,3,8,138,3356,112,98
7/21/2019,3,8,109,3031,121,97
7/22/2019,3,8,95,2786,134,91
7/23/2019,3,8,94,2798,124,92
7/24/2019,3,8,94,2652,123,95
7/25/2019,3,8,114,2922,133,98
7/26/2019,3,8,133,2546,124,96
7/27/2019,3,8,127,3007,122,95
7/28/2019,3,8,95,2989,115,91
7/29/2019,3,8,111,3056,111,96
7/30/2019,3,8,103,2719,122,95
7/31/2019,3,8,117,2721,121,98
8/1/2019,3,8,100,3082,127,96
8/2/2019,3,8,91,2535,127,92
8/3/2019,3,8,113,3470,110,96
8/4/2019,3,8,80,3049,111,95
8/5/2019,3,8,83,3424,117,91
8/6/2019,3,8,82,2698,117,91
8/7/2019,3,8,90,2979,132,93
8/8/2019,3,8,96,2634,128,95
8/9/2019,3,8,102,3202,102,92
8/10/2019,3,8,106,2986,127,94
8/11/2019,3,8,83,3153,121,97
8/12/2019,3,8,85,2654,102,95
8/13/2019,3,8,92,3452,103,95
8/14/2019,3,8,100,3140,113,92
8/15/2019,3,8,99,2790,127,96
8/16/2019,3,8,128,2947,116,98
8/17/2019,3,8,103,2518,115,91
8/18/2019,3,8,74,3323,133,98
8/19/2019,3,8,102,2738,119,91
8/20/2019,3,8,84,2760,101,91
8/21/2019,3,8,98,2717,106,98
8/22/2019,3,8,77,2624,108,94
8/23/2019,3,8,105,2966,114,92
8/24/2019,3,8,105,3005,116,92
8/25/2019,3,8,83,3500,120,97
8/26/2019,3,8,95,3106,109,97
8/27/2019,3,8,73,2797,120,91
8/28/2019,3,8,97,2707,135,98
8/29/2019,3,8,104,3215,122,98
8/30/2019,3,8,121,2704,101,93
8/31/2019,3,8,105,3442,134,92
9/1/2019,3,8,47,2919,114,98
9/2/2019,3,8,85,3100,133,91
9/3/2019,3,8,91,2599,132,92
9/4/2019,3,8,73,2758,108,91
9/5/2019,3,8,107,3198,109,93
9/6/2019,3,8,103,3094,128,95
9/7/2019,3,8,118,2808,119,94
9/8/2019,3,8,67,3249,135,98
9/9/2019,3,8,71,3379,111,93
9/10/2019,3,8,90,3164,120,92
9/11/2019,3,8,73,3298,102,96
9/12/2019,3,8,95,3385,116,98
9/13/2019,3,8,101,2788,117,96
9/14/2019,3,8,103,2502,123,96
9/15/2019,3,8,57,2689,106,94
9/16/2019,3,8,83,3028,105,94
9/17/2019,3,8,82,2847,105,94
9/18/2019,3,8,89,3054,135,92
9/19/2019,3,8,92,2651,123,96
9/20/2019,3,8,89,2856,113,93
9/21/2019,3,8,90,2614,107,98
9/22/2019,3,8,67,2536,133,93
9/23/2019,3,8,100,2801,101,92
9/24/2019,3,8,84,3421,135,97
9/25/2019,3,8,84,2905,113,97
9/26/2019,3,8,82,2888,131,93
9/27/2019,3,8,92,3235,129,94
9/28/2019,3,8,105,2515,116,98
9/29/2019,3,8,78,2850,130,93
9/30/2019,3,8,73,3401,107,97
10/1/2019,3,8,71,3196,115,93
10/2/2019,3,8,88,2935,103,96
10/3/2019,3,8,92,3043,110,91
10/4/2019,3,8,96,3313,126,98
10/5/2019,3,8,108,2878,106,96
10/6/2019,3,8,59,3226,134,97
10/7/2019,3,8,85,2731,115,93
10/8/2019,3,8,74,2983,129,95
10/9/2019,3,8,85,2637,123,94
10/10/2019,3,8,78,3372,115,93
10/11/2019,3,8,104,2773,102,95
10/12/2019,3,8,101,2558,121,92
10/13/2019,3,8,76,3305,115,98
10/14/2019,3,8,80,2970,108,94
10/15/2019,3,8,58,3279,127,98
10/16/2019,3,8,72,2777,109,92
10/17/2019,3,8,82,3427,131,97
10/18/2019,3,8,87,2572,114,93
10/19/2019,3,8,92,2845,127,94
10/20/2019,3,8,58,2554,110,95
10/21/2019,3,8,89,2850,110,96
10/22/2019,3,8,80,3282,115,91
10/23/2019,3,8,65,2972,102,94
10/24/2019,3,8,83,2935,126,96
10/25/2019,3,8,113,2885,117,96
10/26/2019,3,8,99,3284,126,97
10/27/2019,3,8,75,2645,127,91
10/28/2019,3,8,73,3495,109,96
10/29/2019,3,8,74,2547,101,98
10/30/2019,3,8,85,3176,120,92
10/31/2019,3,8,84,2748,122,94
11/1/2019,3,8,86,2590,129,95
11/2/2019,3,8,106,3324,121,98
11/3/2019,3,8,81,3391,122,91
11/4/2019,3,8,95,3421,112,94
11/5/2019,3,8,86,2536,104,98
11/6/2019,3,8,82,2933,126,91
11/7/2019,3,8,99,3170,132,94
11/8/2019,3,8,94,3019,123,93
11/9/2019,3,8,110,2959,109,91
11/10/2019,3,8,70,2913,112,97
11/11/2019,3,8,86,3200,135,98
11/12/2019,3,8,69,2754,109,93
11/13/2019,3,8,88,3430,101,97
11/14/2019,3,8,95,2691,118,96
11/15/2019,3,8,117,2693,127,92
11/16/2019,3,8,98,2829,117,95
11/17/2019,3,8,69,2959,124,91
11/18/2019,3,8,87,3034,134,91
11/19/2019,3,8,70,3484,117,93
11/20/2019,3,8,85,2535,122,97
11/21/2019,3,8,92,2582,109,92
11/22/2019,3,8,122,3234,130,92
11/23/2019,3,8,107,2939,112,93
11/24/2019,3,8,82,2603,133,93
11/25/2019,3,8,96,2950,132,92
11/26/2019,3,8,81,3087,119,91
11/27/2019,3,8,99,3004,125,98
11/28/2019,3,8,93,2650,135,94
11/29/2019,3,8,78,3280,115,97
11/30/2019,3,8,110,2662,133,96
12/1/2019,3,8,53,3479,130,92
12/2/2019,3,8,62,3113,102,91
12/3/2019,3,8,51,2594,101,94
12/4/2019,3,8,66,2613,111,92
12/5/2019,3,8,60,3289,120,97
12/6/2019,3,8,64,3362,122,95
12/7/2019,3,8,68,2969,127,98
12/8/2019,3,8,50,3288,102,96
12/9/2019,3,8,52,3460,128,95
12/10/2019,3,8,54,2801,131,96
12/11/2019,3,8,63,2871,127,95
12/12/2019,3,8,52,2517,102,97
12/13/2019,3,8,65,3069,120,91
12/14/2019,3,8,89,2858,121,92
12/15/2019,3,8,61,3020,104,97
12/16/2019,3,8,53,2605,122,93
12/17/2019,3,8,73,2549,132,93
12/18/2019,3,8,53,3033,127,94
12/19/2019,3,8,85,2777,128,95
12/20/2019,3,8,78,2927,114,91
12/21/2019,3,8,81,3325,116,94
12/22/2019,3,8,53,3436,103,94
12/23/2019,3,8,64,3279,130,98
12/24/2019,3,8,48,2797,108,95
12/25/2019,3,8,64,2811,121,97
12/26/2019,3,8,68,3389,104,91
12/27/2019,3,8,73,2931,121,94
12/28/2019,3,8,56,2816,133,92
12/29/2019,3,8,54,3221,135,98
12/30/2019,3,8,55,3057,101,91
12/31/2019,3,8,47,3404,115,92
1/1/2020,3,8,59,3229,113,95
1/2/2020,3,8,60,3045,109,96
1/3/2020,3,8,59,2834,127,98
1/4/2020,3,8,62,2968,126,97
1/5/2020,3,8,47,2931,118,96
1/6/2020,3,8,51,3213,123,91
1/7/2020,3,8,59,3236,113,93
1/8/2020,3,8,68,2865,110,94
1/9/2020,3,8,61,2882,123,92
1/10/2020,3,8,67,3066,133,92
1/11/2020,3,8,76,3308,124,98
1/12/2020,3,8,53,3255,123,91
1/13/2020,3,8,59,3149,106,93
1/14/2020,3,8,50,3046,110,95
1/15/2020,3,8,55,2621,121,95
1/16/2020,3,8,46,3422,132,92
1/17/2020,3,8,87,2574,109,96
1/18/2020,3,8,69,3417,116,97
1/19/2020,3,8,53,3312,128,97
1/20/2020,3,8,54,3213,121,95
1/21/2020,3,8,54,2637,113,95
1/22/2020,3,8,50,3393,135,91
1/23/2020,3,8,56,2939,126,97
1/24/2020,3,8,66,2954,133,98
1/25/2020,3,8,61,3495,118,92
1/26/2020,3,8,45,3103,111,96
1/27/2020,3,8,54,2658,130,96
1/28/2020,3,8,71,2623,119,92
1/29/2020,3,8,66,3340,123,96
1/30/2020,3,8,56,2855,110,97
1/31/2020,3,8,75,3316,120,96
2/1/2020,3,8,69,2506,116,92
2/2/2020,3,8,37,2531,128,97
2/3/2020,3,8,63,2638,135,94
2/4/2020,3,8,67,2725,131,93
2/5/2020,3,8,72,3498,110,94
2/6/2020,3,8,63,3159,118,91
2/7/2020,3,8,67,2504,118,97
2/8/2020,3,8,90,2669,118,93
2/9/2020,3,8,61,3205,124,92
2/10/2020,3,8,63,2925,117,97
2/11/2020,3,8,70,2519,133,96
2/12/2020,3,8,57,3112,126,93
2/13/2020,3,8,60,2601,107,97
2/14/2020,3,8,74,3042,121,96
2/15/2020,3,8,84,3349,121,92
2/16/2020,3,8,51,2645,133,96
2/17/2020,3,8,77,2934,117,95
2/18/2020,3,8,62,3288,103,92
2/19/2020,3,8,68,3044,108,96
2/20/2020,3,8,70,3028,122,95
2/21/2020,3,8,71,3215,101,91
2/22/2020,3,8,89,2717,128,94
2/23/2020,3,8,60,3404,132,92
2/24/2020,3,8,45,3008,101,95
2/25/2020,3,8,53,3358,128,96
2/26/2020,3,8,75,3030,115,91
2/27/2020,3,8,59,2504,105,91
2/28/2020,3,8,77,3411,125,97
3/1/2020,3,8,107,3004,116,98
3/2/2020,3,8,67,2637,117,95
3/3/2020,3,8,70,3190,129,95
3/4/2020,3,8,70,2797,128,96
3/5/2020,3,8,91,3327,123,97
3/6/2020,3,8,75,3295,105,94
3/7/2020,3,8,103,2541,107,94
3/8/2020,3,8,87,2641,103,93
3/9/2020,3,8,69,2648,127,91
3/10/2020,3,8,57,2952,129,94
3/11/2020,3,8,85,2822,105,97
3/12/2020,3,8,73,3198,110,96
3/13/2020,3,8,76,3378,106,93
3/14/2020,3,8,63,2825,111,95
3/15/2020,3,8,91,3209,122,91
3/16/2020,3,8,52,2792,134,96
3/17/2020,3,8,71,2951,113,98
3/18/2020,3,8,82,2859,116,97
3/19/2020,3,8,75,2955,104,92
3/20/2020,3,8,86,2735,103,98
3/21/2020,3,8,95,3130,131,95
3/22/2020,3,8,92,3254,114,94
3/23/2020,3,8,71,3025,108,92
3/24/2020,3,8,83,2919,102,97
3/25/2020,3,8,80,2508,126,94
3/26/2020,3,8,74,2633,119,97
3/27/2020,3,8,81,3223,103,91
3/28/2020,3,8,80,2603,110,96
3/29/2020,3,8,94,2912,113,92
3/30/2020,3,8,66,2731,113,91
3/31/2020,3,8,82,2687,125,93
4/1/2020,3,8,80,3129,105,96
4/2/2020,3,8,89,2807,106,98
4/3/2020,3,8,84,2807,117,92
4/4/2020,3,8,117,2805,122,98
4/5/2020,3,8,118,3245,110,91
4/6/2020,3,8,73,3039,110,97
4/7/2020,3,8,80,3295,127,92
4/8/2020,3,8,89,2763,105,94
4/9/2020,3,8,102,2515,102,94
4/10/2020,3,8,92,2591,129,95
4/11/2020,3,8,108,2791,132,95
4/12/2020,3,8,120,2844,132,92
4/13/2020,3,8,66,3393,108,94
4/14/2020,3,8,83,2930,131,92
4/15/2020,3,8,87,2915,134,96
4/16/2020,3,8,115,3251,131,92
4/17/2020,3,8,103,2821,134,95
4/18/2020,3,8,101,2886,115,96
4/19/2020,3,8,101,3120,107,96
4/20/2020,3,8,58,2956,101,96
4/21/2020,3,8,103,2677,117,92
4/22/2020,3,8,84,2817,117,93
4/23/2020,3,8,87,2550,127,92
4/24/2020,3,8,102,2990,135,92
4/25/2020,3,8,95,3270,133,91
4/26/2020,3,8,129,2896,103,94
4/27/2020,3,8,75,3474,112,95
4/28/2020,3,8,95,3415,114,98
4/29/2020,3,8,93,3272,102,92
4/30/2020,3,8,119,3038,119,95
5/1/2020,3,8,101,2607,129,92
5/2/2020,3,8,125,3352,129,98
5/3/2020,3,8,132,3464,135,97
5/4/2020,3,8,82,3432,124,92
5/5/2020,3,8,107,3232,109,93
5/6/2020,3,8,91,2959,127,97
5/7/2020,3,8,89,2655,133,96
5/8/2020,3,8,92,2873,104,98
5/9/2020,3,8,117,3307,119,93
5/10/2020,3,8,115,3273,105,93
5/11/2020,3,8,74,2747,109,96
5/12/2020,3,8,87,3057,113,97
5/13/2020,3,8,95,2789,113,92
5/14/2020,3,8,108,2916,129,94
5/15/2020,3,8,100,2738,110,98
5/16/2020,3,8,104,2732,134,94
5/17/2020,3,8,128,2746,125,93
5/18/2020,3,8,79,3023,134,98
5/19/2020,3,8,91,2501,135,94
5/20/2020,3,8,108,2515,134,94
5/21/2020,3,8,100,3173,134,95
5/22/2020,3,8,107,3153,119,92
5/23/2020,3,8,101,3286,112,92
5/24/2020,3,8,101,2589,128,94
5/25/2020,3,8,88,3198,124,91
5/26/2020,3,8,86,3058,122,97
5/27/2020,3,8,91,3483,127,95
5/28/2020,3,8,120,3200,111,95
5/29/2020,3,8,98,3152,106,94
5/30/2020,3,8,108,2794,126,98
5/31/2020,3,8,128,3263,107,93
6/1/2020,3,8,113,3074,128,91
6/2/2020,3,8,94,2679,114,94
6/3/2020,3,8,73,3493,107,95
6/4/2020,3,8,86,2861,129,91
6/5/2020,3,8,115,2775,116,92
6/6/2020,3,8,133,3191,117,93
6/7/2020,3,8,149,2715,125,92
6/8/2020,3,8,87,3327,125,97
6/9/2020,3,8,98,3154,113,97
6/10/2020,3,8,103,3156,133,93
6/11/2020,3,8,94,3289,118,96
6/12/2020,3,8,97,3203,104,93
6/13/2020,3,8,123,3224,125,98
6/14/2020,3,8,127,3309,116,96
6/15/2020,3,8,84,3325,101,92
6/16/2020,3,8,92,2532,127,96
6/17/2020,3,8,98,3479,108,92
6/18/2020,3,8,123,2690,134,94
6/19/2020,3,8,119,3095,104,95
6/20/2020,3,8,97,3171,133,94
6/21/2020,3,8,144,3292,112,96
6/22/2020,3,8,97,3184,119,96
6/23/2020,3,8,88,3131,111,98
6/24/2020,3,8,98,3152,126,95
6/25/2020,3,8,109,3345,110,92
6/26/2020,3,8,106,3049,117,97
6/27/2020,3,8,109,3170,123,93
6/28/2020,3,8,136,3227,109,93
6/29/2020,3,8,77,2680,111,97
6/30/2020,3,8,93,3081,119,98
7/1/2020,3,8,110,3333,134,94
7/2/2020,3,8,105,2976,133,95
7/3/2020,3,8,123,2669,125,93
7/4/2020,3,8,105,2848,108,92
7/5/2020,3,8,149,2934,114,92
7/6/2020,3,8,75,2900,135,97
7/7/2020,3,8,96,3205,106,95
7/8/2020,3,8,84,2640,122,96
7/9/2020,3,8,90,3387,127,96
7/10/2020,3,8,105,3350,121,97
7/11/2020,3,8,128,2816,110,93
7/12/2020,3,8,123,2542,102,95
7/13/2020,3,8,77,2853,128,96
7/14/2020,3,8,104,2755,129,96
7/15/2020,3,8,104,2723,106,93
7/16/2020,3,8,122,2541,134,96
7/17/2020,3,8,119,3051,107,96
7/18/2020,3,8,120,3481,127,93
7/19/2020,3,8,114,2712,134,94
7/20/2020,3,8,88,2867,106,94
7/21/2020,3,8,96,3256,109,91
7/22/2020,3,8,110,3340,112,97
7/23/2020,3,8,122,2877,115,93
7/24/2020,3,8,109,3083,130,96
7/25/2020,3,8,139,2609,110,98
7/26/2020,3,8,132,2713,105,92
7/27/2020,3,8,93,2980,102,94
7/28/2020,3,8,98,2706,106,93
7/29/2020,3,8,129,3204,106,91
7/30/2020,3,8,104,3484,125,93
7/31/2020,3,8,102,3043,106,92
8/1/2020,3,8,100,3198,133,93
8/2/2020,3,8,114,2873,124,92
8/3/2020,3,8,85,2830,120,91
8/4/2020,3,8,100,2997,131,93
8/5/2020,3,8,101,2627,131,93
8/6/2020,3,8,115,2706,107,97
8/7/2020,3,8,119,2594,112,91
8/8/2020,3,8,117,3157,113,91
8/9/2020,3,8,107,2721,105,94
8/10/2020,3,8,87,3458,111,98
8/11/2020,3,8,77,3028,132,96
8/12/2020,3,8,94,2570,111,97
8/13/2020,3,8,104,3389,117,98
8/14/2020,3,8,110,2760,123,96
8/15/2020,3,8,112,3114,135,91
8/16/2020,3,8,111,2891,128,96
8/17/2020,3,8,95,3335,117,91
8/18/2020,3,8,108,3142,109,96
8/19/2020,3,8,84,3490,103,91
8/20/2020,3,8,134,2964,119,95
8/21/2020,3,8,115,2909,108,96
8/22/2020,3,8,106,2831,128,94
8/23/2020,3,8,123,3093,117,91
8/24/2020,3,8,82,2814,113,91
8/25/2020,3,8,76,3147,132,93
8/26/2020,3,8,89,2709,133,95
8/27/2020,3,8,103,3078,116,91
8/28/2020,3,8,97,3230,123,91
8/29/2020,3,8,109,3266,106,92
8/30/2020,3,8,131,3201,107,98
8/31/2020,3,8,74,2803,125,98
9/1/2020,3,8,87,2525,134,97
9/2/2020,3,8,80,3352,132,94
9/3/2020,3,8,97,2942,132,93
9/4/2020,3,8,94,3222,113,92
9/5/2020,3,8,121,2619,121,97
9/6/2020,3,8,112,3499,123,96
9/7/2020,3,8,79,2858,108,93
9/8/2020,3,8,74,2973,135,92
9/9/2020,3,8,97,3442,109,95
9/10/2020,3,8,97,3402,125,95
9/11/2020,3,8,113,2748,121,97
9/12/2020,3,8,114,3273,106,98
9/13/2020,3,8,105,2924,108,95
9/14/2020,3,8,78,3376,135,98
9/15/2020,3,8,94,3008,126,96
9/16/2020,3,8,60,2943,103,92
9/17/2020,3,8,103,3333,119,91
9/18/2020,3,8,105,3127,116,91
9/19/2020,3,8,104,2536,115,94
9/20/2020,3,8,104,3382,124,98
9/21/2020,3,8,77,2563,108,97
9/22/2020,3,8,81,3134,103,97
9/23/2020,3,8,87,3122,102,94
9/24/2020,3,8,99,3275,117,92
9/25/2020,3,8,85,2825,127,92
9/26/2020,3,8,116,3205,116,95
9/27/2020,3,8,114,3126,128,96
9/28/2020,3,8,87,3250,135,94
9/29/2020,3,8,76,3490,111,95
9/30/2020,3,8,93,2778,126,94
10/1/2020,3,8,85,3439,130,93
10/2/2020,3,8,98,3227,135,91
10/3/2020,3,8,93,3446,108,94
10/4/2020,3,8,95,3411,122,92
10/5/2020,3,8,77,3485,106,96
10/6/2020,3,8,72,3484,111,92
10/7/2020,3,8,78,3071,104,96
10/8/2020,3,8,83,2588,105,93
10/9/2020,3,8,82,2970,113,93
10/10/2020,3,8,78,2571,121,95
10/11/2020,3,8,113,3236,117,93
10/12/2020,3,8,66,2905,102,93
10/13/2020,3,8,77,2651,117,94
10/14/2020,3,8,88,2510,121,95
10/15/2020,3,8,76,2842,118,93
10/16/2020,3,8,108,2731,127,93
10/17/2020,3,8,88,3079,116,91
10/18/2020,3,8,114,3231,123,98
10/19/2020,3,8,80,3324,113,98
10/20/2020,3,8,78,2785,116,91
10/21/2020,3,8,76,2534,109,96
10/22/2020,3,8,83,2815,135,93
10/23/2020,3,8,92,3401,115,98
10/24/2020,3,8,76,3345,111,92
10/25/2020,3,8,109,2908,117,91
10/26/2020,3,8,71,3442,104,94
10/27/2020,3,8,77,3398,134,95
10/28/2020,3,8,68,2840,115,95
10/29/2020,3,8,82,2687,114,98
10/30/2020,3,8,80,2754,101,92
10/31/2020,3,8,79,3315,132,92
11/1/2020,3,8,103,3164,119,95
11/2/2020,3,8,77,2993,123,96
11/3/2020,3,8,95,2860,131,93
11/4/2020,3,8,76,2830,109,95
11/5/2020,3,8,81,3355,128,92
11/6/2020,3,8,102,2912,128,95
11/7/2020,3,8,97,2846,110,98
11/8/2020,3,8,115,3444,135,92
11/9/2020,3,8,68,2966,120,94
11/10/2020,3,8,94,3445,135,91
11/11/2020,3,8,81,3053,125,91
11/12/2020,3,8,88,2739,118,95
11/13/2020,3,8,94,2779,114,95
11/14/2020,3,8,121,3255,109,98
11/15/2020,3,8,98,3089,129,94
11/16/2020,3,8,75,3043,124,91
11/17/2020,3,8,80,2941,135,97
11/18/2020,3,8,79,3371,104,93
11/19/2020,3,8,75,3412,103,96
11/20/2020,3,8,83,2684,129,95
11/21/2020,3,8,97,3330,121,97
11/22/2020,3,8,108,2769,128,97
11/23/2020,3,8,75,2637,115,97
11/24/2020,3,8,107,3239,126,92
11/25/2020,3,8,72,2988,125,92
11/26/2020,3,8,91,3152,107,95
11/27/2020,3,8,95,2900,119,98
11/28/2020,3,8,119,3320,117,91
11/29/2020,3,8,96,3490,122,97
11/30/2020,3,8,69,3010,110,95
12/1/2020,3,8,53,2962,122,97
12/2/2020,3,8,56,2631,110,91
12/3/2020,3,8,61,2565,130,93
12/4/2020,3,8,73,2840,133,98
12/5/2020,3,8,69,2783,122,94
12/6/2020,3,8,79,2635,129,92
12/7/2020,3,8,50,2818,124,97
12/8/2020,3,8,56,3143,106,96
12/9/2020,3,8,63,3120,114,97
12/10/2020,3,8,71,3346,114,97
12/11/2020,3,8,69,2506,135,95
12/12/2020,3,8,96,2671,120,92
12/13/2020,3,8,89,2804,113,92
12/14/2020,3,8,56,3234,105,91
12/15/2020,3,8,62,2795,125,92
12/16/2020,3,8,62,3136,126,98
12/17/2020,3,8,48,3079,103,98
12/18/2020,3,8,56,3172,106,98
12/19/2020,3,8,80,2670,132,97
12/20/2020,3,8,68,3407,133,94
12/21/2020,3,8,48,2636,104,97
12/22/2020,3,8,61,2911,118,96
12/23/2020,3,8,70,3449,135,92
12/24/2020,3,8,53,2916,115,97
12/25/2020,3,8,74,2683,102,93
12/26/2020,3,8,68,2845,134,91
12/27/2020,3,8,76,3125,132,95
12/28/2020,3,8,47,3014,122,97
12/29/2020,3,8,60,2914,107,96
12/30/2020,3,8,62,2881,125,92
12/31/2020,3,8,69,3371,123,93
1/1/2021,3,8,76,2569,103,92
1/2/2021,3,8,77,3451,110,95
1/3/2021,3,8,79,2594,104,95
1/4/2021,3,8,56,3492,106,98
1/5/2021,3,8,76,2647,126,96
1/6/2021,3,8,53,2939,102,98
1/7/2021,3,8,78,2532,123,92
1/8/2021,3,8,66,3332,105,98
1/9/2021,3,8,77,2532,112,91
1/10/2021,3,8,66,3117,119,98
1/11/2021,3,8,61,3089,112,94
1/12/2021,3,8,61,3420,127,96
1/13/2021,3,8,66,3088,123,97
1/14/2021,3,8,56,3203,126,94
1/15/2021,3,8,61,3118,134,93
1/16/2021,3,8,72,2835,124,92
1/17/2021,3,8,79,3185,123,92
1/18/2021,3,8,47,3292,108,98
1/19/2021,3,8,47,3142,132,97
1/20/2021,3,8,63,2913,117,94
1/21/2021,3,8,62,2720,101,97
1/22/2021,3,8,85,3171,125,92
1/23/2021,3,8,68,2776,114,97
1/24/2021,3,8,75,2746,125,97
1/25/2021,3,8,45,3222,132,93
1/26/2021,3,8,60,2958,134,94
1/27/2021,3,8,56,2946,119,92
1/28/2021,3,8,58,2594,128,92
1/29/2021,3,8,58,2996,115,93
1/30/2021,3,8,71,3200,134,98
1/31/2021,3,8,82,2584,110,95
2/1/2021,3,8,69,2905,118,98
2/2/2021,3,8,68,2992,117,91
2/3/2021,3,8,71,3353,134,96
2/4/2021,3,8,58,3241,120,98
2/5/2021,3,8,72,3297,122,91
2/6/2021,3,8,70,3009,110,95
2/7/2021,3,8,97,2890,111,94
2/8/2021,3,8,59,2658,130,92
2/9/2021,3,8,63,2986,127,92
2/10/2021,3,8,61,3263,129,96
2/11/2021,3,8,51,2870,106,93
2/12/2021,3,8,77,3079,129,98
2/13/2021,3,8,77,3139,103,97
2/14/2021,3,8,79,2598,134,98
2/15/2021,3,8,59,2835,113,93
2/16/2021,3,8,62,2924,105,92
2/17/2021,3,8,61,2534,118,95
2/18/2021,3,8,66,3139,126,94
2/19/2021,3,8,88,2963,111,96
2/20/2021,3,8,81,2819,102,97
2/21/2021,3,8,71,2725,129,96
2/22/2021,3,8,66,2520,125,93
2/23/2021,3,8,83,3040,111,97
2/24/2021,3,8,65,2970,102,96
2/25/2021,3,8,65,3067,121,95
2/26/2021,3,8,81,3286,102,91
2/27/2021,3,8,79,3106,125,95
2/28/2021,3,8,90,3298,109,96
2/29/2021,3,8,58,3285,110,95
3/1/2021,3,8,88,2759,117,93
3/2/2021,3,8,74,2948,133,91
3/3/2021,3,8,101,2551,109,91
3/4/2021,3,8,86,2734,129,95
3/5/2021,3,8,102,2718,114,96
3/6/2021,3,8,112,3339,108,91
3/7/2021,3,8,64,3245,131,92
3/8/2021,3,8,80,3380,118,91
3/9/2021,3,8,87,3132,125,93
3/10/2021,3,8,87,3180,124,97
3/11/2021,3,8,101,2797,121,91
3/12/2021,3,8,102,3337,133,93
3/13/2021,3,8,93,3168,122,95
3/14/2021,3,8,54,3282,108,98
3/15/2021,3,8,78,3058,119,95
3/16/2021,3,8,68,2717,131,96
3/17/2021,3,8,92,3146,116,91
3/18/2021,3,8,76,3308,127,94
3/19/2021,3,8,85,3332,118,97
3/20/2021,3,8,98,2722,132,98
3/21/2021,3,8,58,3101,121,96
3/22/2021,3,8,67,3162,130,94
3/23/2021,3,8,86,3114,126,93
3/24/2021,3,8,75,2724,124,96
3/25/2021,3,8,82,2925,120,95
3/26/2021,3,8,98,3282,102,98
3/27/2021,3,8,102,2597,125,96
3/28/2021,3,8,75,2751,117,92
3/29/2021,3,8,96,3439,135,96
3/30/2021,3,8,87,3147,123,98
3/31/2021,3,8,86,2991,108,97
4/1/2021,3,8,126,3190,123,96
4/2/2021,3,8,122,3097,115,96
4/3/2021,3,8,137,3290,116,94
4/4/2021,3,8,76,3381,126,95
4/5/2021,3,8,83,2717,117,94
4/6/2021,3,8,80,2999,132,98
4/7/2021,3,8,108,3438,125,96
4/8/2021,3,8,119,2589,115,92
4/9/2021,3,8,113,3460,101,93
4/10/2021,3,8,113,3417,103,93
4/11/2021,3,8,90,3376,123,93
4/12/2021,3,8,93,2605,132,91
4/13/2021,3,8,93,2583,101,92
4/14/2021,3,8,110,3350,114,96
4/15/2021,3,8,98,3402,123,94
4/16/2021,3,8,123,3344,134,96
4/17/2021,3,8,145,3019,115,94
4/18/2021,3,8,75,2787,114,98
4/19/2021,3,8,115,3106,114,93
4/20/2021,3,8,81,2804,108,91
4/21/2021,3,8,111,3193,116,96
4/22/2021,3,8,123,2737,112,98
4/23/2021,3,8,105,3157,128,91
4/24/2021,3,8,112,2657,110,98
4/25/2021,3,8,82,3335,117,98
4/26/2021,3,8,77,3024,117,96
4/27/2021,3,8,90,2959,127,96
4/28/2021,3,8,88,3227,116,92
4/29/2021,3,8,113,3399,105,94
4/30/2021,3,8,118,3016,120,97
5/1/2021,3,8,128,2528,125,95
5/2/2021,3,8,80,3084,129,95
5/3/2021,3,8,104,3259,125,97
5/4/2021,3,8,82,3461,133,91
5/5/2021,3,8,122,2716,131,95
5/6/2021,3,8,98,2982,112,93
5/7/2021,3,8,117,2793,109,92
5/8/2021,3,8,129,2509,124,98
5/9/2021,3,8,78,2827,106,96
5/10/2021,3,8,91,2553,114,93
5/11/2021,3,8,112,2593,105,97
5/12/2021,3,8,95,3400,109,98
5/13/2021,3,8,102,3245,110,98
5/14/2021,3,8,115,3094,101,95
5/15/2021,3,8,143,3464,107,91
5/16/2021,3,8,94,2913,120,95
5/17/2021,3,8,109,3224,130,92
5/18/2021,3,8,90,2674,112,93
5/19/2021,3,8,104,3306,123,98
5/20/2021,3,8,114,3406,103,95
5/21/2021,3,8,117,3079,117,91
5/22/2021,3,8,134,3000,129,91
5/23/2021,3,8,72,3280,133,92
5/24/2021,3,8,104,2965,129,96
5/25/2021,3,8,113,3054,117,95
5/26/2021,3,8,110,2672,131,93
5/27/2021,3,8,100,2623,116,98
5/28/2021,3,8,145,3328,103,93
5/29/2021,3,8,130,2746,115,93
5/30/2021,3,8,94,3008,132,98
5/31/2021,3,8,107,2970,128,93
6/1/2021,3,8,113,2638,126,97
6/2/2021,3,8,116,2766,110,95
6/3/2021,3,8,116,2918,106,93
6/4/2021,3,8,134,2563,131,93
6/5/2021,3,8,146,3482,134,96
6/6/2021,3,8,81,2769,121,92
6/7/2021,3,8,109,3257,124,92
6/8/2021,3,8,107,2545,132,96
6/9/2021,3,8,121,2846,116,92
6/10/2021,3,8,111,2965,123,96
6/11/2021,3,8,141,3366,106,98
6/12/2021,3,8,141,2882,102,94
6/13/2021,3,8,102,2917,109,91
6/14/2021,3,8,115,3152,132,94
6/15/2021,3,8,106,3001,125,96
6/16/2021,3,8,115,3484,125,97
6/17/2021,3,8,121,2504,112,92
6/18/2021,3,8,133,2584,113,91
6/19/2021,3,8,133,3406,110,93
6/20/2021,3,8,67,2699,133,94
6/21/2021,3,8,121,2890,129,95
6/22/2021,3,8,112,3416,133,92
6/23/2021,3,8,133,3176,125,97
6/24/2021,3,8,126,2937,101,94
6/25/2021,3,8,132,2687,125,96
6/26/2021,3,8,148,3387,123,96
6/27/2021,3,8,103,2976,127,96
6/28/2021,3,8,114,2770,121,95
6/29/2021,3,8,116,3112,118,95
6/30/2021,3,8,110,3323,127,91
7/1/2021,3,8,141,2718,121,95
7/2/2021,3,8,147,3382,133,91
7/3/2021,3,8,122,2581,133,94
7/4/2021,3,8,95,2966,133,96
7/5/2021,3,8,122,2535,105,95
7/6/2021,3,8,126,3286,122,97
7/7/2021,3,8,126,2550,133,93
7/8/2021,3,8,130,3441,120,96
7/9/2021,3,8,167,3127,113,92
7/10/2021,3,8,126,2696,130,93
7/11/2021,3,8,112,2675,118,94
7/12/2021,3,8,119,3084,114,96
7/13/2021,3,8,110,3452,117,95
7/14/2021,3,8,127,3491,107,97
7/15/2021,3,8,129,2560,109,92
7/16/2021,3,8,119,2590,113,95
7/17/2021,3,8,127,3385,101,91
7/18/2021,3,8,112,3293,129,95
7/19/2021,3,8,98,3441,112,97
7/20/2021,3,8,111,3404,109,98
7/21/2021,3,8,115,3439,111,93
7/22/2021,3,8,138,2569,105,95
7/23/2021,3,8,138,3173,120,97
7/24/2021,3,8,140,3299,103,93
7/25/2021,3,8,94,3087,121,95
7/26/2021,3,8,118,2708,134,96
7/27/2021,3,8,122,2561,126,93
7/28/2021,3,8,118,3056,122,91
7/29/2021,3,8,121,3471,107,91
7/30/2021,3,8,126,3377,124,91
7/31/2021,3,8,134,2707,114,96
8/1/2021,3,8,86,2730,124,94
8/2/2021,3,8,102,2546,130,92
8/3/2021,3,8,98,3137,122,94
8/4/2021,3,8,105,3329,118,94
8/5/2021,3,8,116,3116,124,97
8/6/2021,3,8,117,3302,120,97
8/7/2021,3,8,128,2527,103,92
8/8/2021,3,8,83,2820,119,92
8/9/2021,3,8,89,2824,107,94
8/10/2021,3,8,112,3494,107,96
8/11/2021,3,8,93,3453,105,95
8/12/2021,3,8,125,2752,109,94
8/13/2021,3,8,105,2883,117,95
8/14/2021,3,8,123,2981,106,91
8/15/2021,3,8,87,3207,125,92
8/16/2021,3,8,89,2824,120,95
8/17/2021,3,8,93,2952,134,98
8/18/2021,3,8,104,2565,110,91
8/19/2021,3,8,100,3273,122,93
8/20/2021,3,8,116,3197,105,96
8/21/2021,3,8,120,3484,117,93
8/22/2021,3,8,68,3018,113,97
8/23/2021,3,8,98,3342,132,94
8/24/2021,3,8,95,3208,112,98
8/25/2021,3,8,107,2808,126,97
8/26/2021,3,8,117,3431,110,93
8/27/2021,3,8,122,3113,119,96
8/28/2021,3,8,124,2865,131,92
8/29/2021,3,8,93,2768,103,91
8/30/2021,3,8,106,2654,124,91
8/31/2021,3,8,98,3349,126,91
9/1/2021,3,8,80,3335,105,97
9/2/2021,3,8,93,2845,110,93
9/3/2021,3,8,119,3193,113,91
9/4/2021,3,8,127,3398,126,92
9/5/2021,3,8,78,3298,135,97
9/6/2021,3,8,89,3044,110,97
9/7/2021,3,8,95,3413,114,97
9/8/2021,3,8,99,3211,102,95
9/9/2021,3,8,89,2781,107,92
9/10/2021,3,8,114,3074,106,93
9/11/2021,3,8,120,2513,109,98
9/12/2021,3,8,77,3392,131,93
9/13/2021,3,8,93,3212,112,91
9/14/2021,3,8,87,3192,107,92
9/15/2021,3,8,103,3024,107,98
9/16/2021,3,8,118,2835,104,91
9/17/2021,3,8,124,3258,102,96
9/18/2021,3,8,107,2781,125,98
9/19/2021,3,8,75,2849,112,91
9/20/2021,3,8,88,2994,112,97
9/21/2021,3,8,101,3045,101,93
9/22/2021,3,8,99,3451,132,98
9/23/2021,3,8,105,2564,131,97
9/24/2021,3,8,119,2923,101,95
9/25/2021,3,8,108,2905,125,93
9/26/2021,3,8,82,2534,123,94
9/27/2021,3,8,84,3406,116,93
9/28/2021,3,8,103,2507,108,93
9/29/2021,3,8,106,2637,126,98
9/30/2021,3,8,91,3201,112,93
10/1/2021,3,8,122,3404,118,98
10/2/2021,3,8,103,2794,104,98
10/3/2021,3,8,70,2859,133,98
10/4/2021,3,8,96,2599,123,95
10/5/2021,3,8,77,2648,112,98
10/6/2021,3,8,111,3218,102,97
10/7/2021,3,8,94,3410,117,93
10/8/2021,3,8,117,2854,110,91
10/9/2021,3,8,97,2772,113,96
10/10/2021,3,8,73,2928,119,96
10/11/2021,3,8,80,2513,135,95
10/12/2021,3,8,70,3176,124,95
10/13/2021,3,8,83,3290,114,98
10/14/2021,3,8,90,2588,114,94
10/15/2021,3,8,117,3195,109,96
10/16/2021,3,8,104,3183,126,95
10/17/2021,3,8,72,3218,118,95
10/18/2021,3,8,81,2543,122,97
10/19/2021,3,8,82,3094,135,95
10/20/2021,3,8,99,3404,123,97
10/21/2021,3,8,87,2974,130,95
10/22/2021,3,8,117,3250,122,94
10/23/2021,3,8,116,3072,102,97
10/24/2021,3,8,83,2949,115,96
10/25/2021,3,8,86,2970,112,91
10/26/2021,3,8,84,3091,111,94
10/27/2021,3,8,97,3396,105,97
10/28/2021,3,8,105,3273,113,97
10/29/2021,3,8,113,3335,123,95
10/30/2021,3,8,105,2673,116,98
10/31/2021,3,8,64,3065,117,98
11/1/2021,3,8,90,2997,107,96
11/2/2021,3,8,107,2509,105,93
11/3/2021,3,8,90,2603,131,94
11/4/2021,3,8,112,3163,108,97
11/5/2021,3,8,108,3208,106,95
11/6/2021,3,8,113,2520,119,97
11/7/2021,3,8,76,3230,118,98
11/8/2021,3,8,107,3027,111,91
11/9/2021,3,8,94,3169,116,92
11/10/2021,3,8,92,2739,126,95
11/11/2021,3,8,99,2820,103,97
11/12/2021,3,8,115,3311,124,98
11/13/2021,3,8,131,3064,134,91
11/14/2021,3,8,78,2632,109,97
11/15/2021,3,8,91,2763,123,96
11/16/2021,3,8,98,2561,133,94
11/17/2021,3,8,102,3341,131,93
11/18/2021,3,8,111,2811,135,98
11/19/2021,3,8,107,3364,113,95
11/20/2021,3,8,112,3338,127,95
11/21/2021,3,8,52,2579,109,98
11/22/2021,3,8,81,2827,132,95
11/23/2021,3,8,89,3297,123,95
11/24/2021,3,8,103,2990,116,96
11/25/2021,3,8,94,3243,121,96
11/26/2021,3,8,112,2506,131,96
11/27/2021,3,8,108,3020,112,95
11/28/2021,3,8,83,3322,106,97
11/29/2021,3,8,86,2791,114,97
11/30/2021,3,8,89,2643,127,93
12/1/2021,3,8,66,3293,131,92
12/2/2021,3,8,86,2751,120,92
12/3/2021,3,8,77,2986,132,97
12/4/2021,3,8,97,3273,131,94
12/5/2021,3,8,55,2878,107,96
12/6/2021,3,8,67,3391,107,95
12/7/2021,3,8,61,2736,113,92
12/8/2021,3,8,69,2914,119,94
12/9/2021,3,8,64,3161,117,96
12/10/2021,3,8,79,3495,106,98
12/11/2021,3,8,103,3133,101,95
12/12/2021,3,8,60,3049,104,95
12/13/2021,3,8,59,3148,120,94
12/14/2021,3,8,63,3472,128,94
12/15/2021,3,8,84,3196,110,93
12/16/2021,3,8,75,3127,124,91
12/17/2021,3,8,93,3284,104,91
12/18/2021,3,8,97,3065,108,91
12/19/2021,3,8,56,2633,129,95
12/20/2021,3,8,55,2988,109,95
12/21/2021,3,8,57,2815,130,98
12/22/2021,3,8,72,3369,123,91
12/23/2021,3,8,68,3376,111,92
12/24/2021,3,8,89,2759,129,93
12/25/2021,3,8,89,2615,124,92
12/26/2021,3,8,66,2609,111,95
12/27/2021,3,8,58,2953,123,98
12/28/2021,3,8,81,3375,134,93
12/29/2021,3,8,72,2782,135,95
12/30/2021,3,8,80,2618,130,91
12/31/2021,3,8,78,2798,111,91
1/1/2022,3,8,77,2552,114,91
1/2/2022,3,8,54,3015,101,94
1/3/2022,3,8,71,3299,121,96
1/4/2022,3,8,72,2912,129,92
1/5/2022,3,8,63,3414,119,97
1/6/2022,3,8,86,2863,114,98
1/7/2022,3,8,67,2621,103,95
1/8/2022,3,8,82,2816,114,97
1/9/2022,3,8,53,2920,132,92
1/10/2022,3,8,56,3186,108,96
1/11/2022,3,8,48,2890,125,94
1/12/2022,3,8,66,2520,121,92
1/13/2022,3,8,71,2512,128,97
1/14/2022,3,8,92,3138,129,97
1/15/2022,3,8,84,3438,123,97
1/16/2022,3,8,42,3095,125,98
1/17/2022,3,8,63,3197,107,96
1/18/2022,3,8,66,2896,124,98
1/19/2022,3,8,60,2540,116,92
1/20/2022,3,8,74,2520,102,91
1/21/2022,3,8,81,3065,129,91
1/22/2022,3,8,85,2840,133,93
1/23/2022,3,8,58,2737,113,98
1/24/2022,3,8,65,3094,114,92
1/25/2022,3,8,41,2665,116,94
1/26/2022,3,8,67,3192,125,96
1/27/2022,3,8,68,3196,130,97
1/28/2022,3,8,71,2836,114,97
1/29/2022,3,8,71,2664,121,94
1/30/2022,3,8,63,2982,132,96
1/31/2022,3,8,50,2795,104,95
2/1/2022,3,8,65,2778,109,96
2/2/2022,3,8,71,2715,117,98
2/3/2022,3,8,83,3422,113,96
2/4/2022,3,8,83,2521,134,92
2/5/2022,3,8,97,2604,116,97
2/6/2022,3,8,51,3252,108,93
2/7/2022,3,8,84,2665,104,94
2/8/2022,3,8,59,2683,125,93
2/9/2022,3,8,76,3336,113,93
2/10/2022,3,8,80,2984,128,95
2/11/2022,3,8,78,3458,129,95
2/12/2022,3,8,72,2727,113,94
2/13/2022,3,8,61,2816,127,92
2/14/2022,3,8,79,3351,114,93
2/15/2022,3,8,82,2589,105,98
2/16/2022,3,8,74,2796,129,96
2/17/2022,3,8,80,2687,131,93
2/18/2022,3,8,72,3394,122,95
2/19/2022,3,8,73,3257,118,95
2/20/2022,3,8,57,2528,124,91
2/21/2022,3,8,63,3260,129,94
2/22/2022,3,8,70,2573,132,97
2/23/2022,3,8,78,2678,117,94
2/24/2022,3,8,92,3171,113,91
2/25/2022,3,8,100,2705,110,97
2/26/2022,3,8,71,2530,124,91
2/27/2022,3,8,66,2679,116,98
2/28/2022,3,8,58,3424,101,93
3/1/2022,3,8,83,2828,132,93
3/2/2022,3,8,105,2678,130,93
3/3/2022,3,8,94,3453,126,92
3/4/2022,3,8,97,3178,115,94
3/5/2022,3,8,98,3398,102,94
3/6/2022,3,8,75,3239,128,98
3/7/2022,3,8,79,2913,106,93
3/8/2022,3,8,105,3376,121,93
3/9/2022,3,8,71,3010,131,95
3/10/2022,3,8,105,3058,118,95
3/11/2022,3,8,87,2759,111,95
3/12/2022,3,8,99,2690,113,91
3/13/2022,3,8,58,3165,118,95
3/14/2022,3,8,86,3233,117,94
3/15/2022,3,8,101,2512,104,97
3/16/2022,3,8,81,2799,130,94
3/17/2022,3,8,92,2755,110,96
3/18/2022,3,8,105,3048,119,95
3/19/2022,3,8,85,3248,112,98
3/20/2022,3,8,80,2780,119,98
3/21/2022,3,8,75,3151,113,94
3/22/2022,3,8,79,3363,115,97
3/23/2022,3,8,71,3137,117,92
3/24/2022,3,8,93,2687,102,93
3/25/2022,3,8,96,3169,130,96
3/26/2022,3,8,103,3316,133,98
3/27/2022,3,8,65,3433,109,94
3/28/2022,3,8,95,2619,108,93
3/29/2022,3,8,75,2942,116,93
3/30/2022,3,8,83,2907,128,94
3/31/2022,3,8,88,2570,105,98
4/1/2022,3,8,103,2820,114,96
4/2/2022,3,8,142,3455,128,91
4/3/2022,3,8,102,3130,133,94
4/4/2022,3,8,97,2649,124,94
4/5/2022,3,8,72,2594,135,95
4/6/2022,3,8,94,3010,106,91
4/7/2022,3,8,112,2540,101,91
4/8/2022,3,8,125,2673,101,91
4/9/2022,3,8,141,2852,107,97
4/10/2022,3,8,92,3180,114,96
4/11/2022,3,8,98,2667,133,95
4/12/2022,3,8,100,2591,124,91
4/13/2022,3,8,104,3170,106,95
4/14/2022,3,8,106,2692,130,97
4/15/2022,3,8,115,2929,128,98
4/16/2022,3,8,133,2799,118,95
4/17/2022,3,8,92,2600,121,94
4/18/2022,3,8,97,2697,130,95
4/19/2022,3,8,90,3147,105,98
4/20/2022,3,8,90,2676,126,95
4/21/2022,3,8,112,2942,129,95
4/22/2022,3,8,112,2664,122,98
4/23/2022,3,8,126,2940,110,93
4/24/2022,3,8,85,2800,111,91
4/25/2022,3,8,94,3098,104,92
4/26/2022,3,8,97,3462,105,92
4/27/2022,3,8,113,2642,108,97
4/28/2022,3,8,111,3174,132,94
4/29/2022,3,8,112,2594,110,94
4/30/2022,3,8,119,3129,104,94
5/1/2022,3,8,92,2949,114,91
5/2/2022,3,8,110,3121,110,93
5/3/2022,3,8,95,3128,122,92
5/4/2022,3,8,108,3322,134,98
5/5/2022,3,8,101,2645,110,94
5/6/2022,3,8,122,3021,130,95
5/7/2022,3,8,125,2756,134,96
5/8/2022,3,8,70,3268,103,98
5/9/2022,3,8,106,3382,133,96
5/10/2022,3,8,108,2705,104,95
5/11/2022,3,8,140,2620,116,93
5/12/2022,3,8,119,3463,105,95
5/13/2022,3,8,111,3402,102,94
5/14/2022,3,8,123,3425,135,97
5/15/2022,3,8,78,3405,106,97
5/16/2022,3,8,99,3330,113,96
5/17/2022,3,8,95,3248,130,96
5/18/2022,3,8,102,3496,121,92
5/19/2022,3,8,127,2674,128,91
5/20/2022,3,8,128,3456,104,91
5/21/2022,3,8,143,3298,116,95
5/22/2022,3,8,90,3173,109,96
5/23/2022,3,8,95,3139,104,92
5/24/2022,3,8,93,2553,109,98
5/25/2022,3,8,121,2740,115,94
5/26/2022,3,8,116,2556,109,96
5/27/2022,3,8,105,3056,116,93
5/28/2022,3,8,139,3478,118,95
5/29/2022,3,8,84,2771,129,95
5/30/2022,3,8,120,2987,109,93
5/31/2022,3,8,107,2784,104,97
6/1/2022,3,8,111,3491,126,94
6/2/2022,3,8,128,3495,111,92
6/3/2022,3,8,148,2510,117,97
6/4/2022,3,8,152,3094,122,92
6/5/2022,3,8,97,3277,117,97
6/6/2022,3,8,105,2540,112,94
6/7/2022,3,8,124,3398,132,97
6/8/2022,3,8,124,2613,128,93
6/9/2022,3,8,116,3031,116,92
6/10/2022,3,8,122,2604,132,94
6/11/2022,3,8,124,3342,115,94
6/12/2022,3,8,105,3110,117,97
6/13/2022,3,8,125,2933,102,98
6/14/2022,3,8,96,2922,108,92
6/15/2022,3,8,116,2729,115,97
6/16/2022,3,8,121,2860,127,91
6/17/2022,3,8,123,2920,131,98
6/18/2022,3,8,129,2849,119,94
6/19/2022,3,8,88,2772,127,92
6/20/2022,3,8,101,3167,107,93
6/21/2022,3,8,101,3402,123,97
6/22/2022,3,8,110,3008,115,92
6/23/2022,3,8,122,2876,119,95
6/24/2022,3,8,141,2524,106,94
6/25/2022,3,8,150,3151,105,93
6/26/2022,3,8,105,2792,101,91
6/27/2022,3,8,105,2626,103,95
6/28/2022,3,8,102,3264,126,96
6/29/2022,3,8,109,2984,135,92
6/30/2022,3,8,140,2940,134,91
7/1/2022,3,8,141,3124,133,92
7/2/2022,3,8,140,3110,124,91
7/3/2022,3,8,117,3316,115,97
7/4/2022,3,8,113,3445,118,92
7/5/2022,3,8,98,2826,127,94
7/6/2022,3,8,127,3039,135,91
7/7/2022,3,8,140,2687,135,97
7/8/2022,3,8,137,2736,127,98
7/9/2022,3,8,165,2573,131,92
7/10/2022,3,8,95,3063,106,95
7/11/2022,3,8,112,2560,129,93
7/12/2022,3,8,98,3175,104,93
7/13/2022,3,8,121,3195,126,94
7/14/2022,3,8,137,2930,131,96
7/15/2022,3,8,135,2712,127,95
7/16/2022,3,8,174,2574,104,93
7/17/2022,3,8,115,2548,126,94
7/18/2022,3,8,106,3118,135,92
7/19/2022,3,8,90,2699,119,97
7/20/2022,3,8,132,2505,120,96
7/21/2022,3,8,137,3141,133,94
7/22/2022,3,8,175,3051,119,98
7/23/2022,3,8,176,2737,104,96
7/24/2022,3,8,96,3052,134,91
7/25/2022,3,8,108,2550,121,91
7/26/2022,3,8,128,2603,133,98
7/27/2022,3,8,123,3408,102,97
7/28/2022,3,8,132,2872,130,91
7/29/2022,3,8,141,3461,126,95
7/30/2022,3,8,178,3007,126,91
7/31/2022,3,8,110,2638,108,93
8/1/2022,3,8,94,2625,132,91
8/2/2022,3,8,109,2527,120,92
8/3/2022,3,8,99,2908,135,94
8/4/2022,3,8,119,2682,113,96
8/5/2022,3,8,113,3033,132,91
8/6/2022,3,8,133,3343,132,95
8/7/2022,3,8,83,2572,123,97
8/8/2022,3,8,123,2880,126,94
8/9/2022,3,8,124,3305,102,96
8/10/2022,3,8,118,2895,134,91
8/11/2022,3,8,124,2679,105,91
8/12/2022,3,8,123,3467,132,93
8/13/2022,3,8,124,2910,125,94
8/14/2022,3,8,81,3323,128,92
8/15/2022,3,8,85,2674,127,92
8/16/2022,3,8,101,2726,115,91
8/17/2022,3,8,105,2741,113,96
8/18/2022,3,8,136,2685,122,91
8/19/2022,3,8,130,3266,130,98
8/20/2022,3,8,127,3164,130,98
8/21/2022,3,8,84,2550,123,96
8/22/2022,3,8,101,2810,134,93
8/23/2022,3,8,104,2803,128,96
8/24/2022,3,8,105,2723,112,94
8/25/2022,3,8,107,3410,127,92
8/26/2022,3,8,118,2613,124,98
8/27/2022,3,8,134,2741,121,94
8/28/2022,3,8,85,3348,120,94
8/29/2022,3,8,108,2901,124,93
8/30/2022,3,8,96,3079,102,93
8/31/2022,3,8,104,3115,111,93
9/1/2022,3,8,113,3399,118,91
9/2/2022,3,8,123,2771,114,95
9/3/2022,3,8,123,3219,130,94
9/4/2022,3,8,82,3209,131,97
9/5/2022,3,8,98,2875,113,98
9/6/2022,3,8,113,3296,118,91
9/7/2022,3,8,90,3309,107,92
9/8/2022,3,8,133,3434,126,91
9/9/2022,3,8,127,3271,115,94
9/10/2022,3,8,105,3442,109,93
9/11/2022,3,8,71,3335,128,96
9/12/2022,3,8,86,3394,127,97
9/13/2022,3,8,92,2940,112,95
9/14/2022,3,8,110,2783,133,95
9/15/2022,3,8,101,3388,118,96
9/16/2022,3,8,115,3325,110,95
9/17/2022,3,8,121,3019,106,95
9/18/2022,3,8,88,3473,133,96
9/19/2022,3,8,84,2788,127,98
9/20/2022,3,8,94,2648,121,98
9/21/2022,3,8,109,2581,117,96
9/22/2022,3,8,113,3004,124,98
9/23/2022,3,8,126,2676,123,91
9/24/2022,3,8,121,2591,116,96
9/25/2022,3,8,79,2564,108,93
9/26/2022,3,8,120,3341,121,93
9/27/2022,3,8,94,2649,130,95
9/28/2022,3,8,104,2858,133,91
9/29/2022,3,8,105,3292,135,92
9/30/2022,3,8,115,3130,121,96
10/1/2022,3,8,118,3468,109,95
10/2/2022,3,8,88,3423,109,97
10/3/2022,3,8,86,3485,102,92
10/4/2022,3,8,88,2987,118,95
10/5/2022,3,8,97,2573,130,94
10/6/2022,3,8,115,3389,117,92
10/7/2022,3,8,104,3252,116,95
10/8/2022,3,8,105,2890,126,98
10/9/2022,3,8,81,3376,132,93
10/10/2022,3,8,91,3143,113,92
10/11/2022,3,8,92,2996,112,95
10/12/2022,3,8,86,3311,103,93
10/13/2022,3,8,106,2566,114,92
10/14/2022,3,8,118,3394,119,98
10/15/2022,3,8,118,3230,101,97
10/16/2022,3,8,94,3270,102,96
10/17/2022,3,8,78,2820,128,93
10/18/2022,3,8,87,3079,122,91
10/19/2022,3,8,97,2860,128,97
10/20/2022,3,8,90,2923,134,97
10/21/2022,3,8,108,2936,119,98
10/22/2022,3,8,96,3183,128,96
10/23/2022,3,8,71,2841,130,92
10/24/2022,3,8,75,2955,112,98
10/25/2022,3,8,102,3201,124,94
10/26/2022,3,8,92,2991,108,98
10/27/2022,3,8,91,2905,111,91
10/28/2022,3,8,107,2549,101,94
10/29/2022,3,8,128,3053,112,93
10/30/2022,3,8,76,3425,104,95
10/31/2022,3,8,99,3027,101,92
11/1/2022,3,8,85,3080,123,91
11/2/2022,3,8,110,3368,114,95
11/3/2022,3,8,108,3115,131,96
11/4/2022,3,8,120,2511,102,93
11/5/2022,3,8,111,2653,108,96
11/6/2022,3,8,87,3385,125,91
11/7/2022,3,8,106,3064,121,94
11/8/2022,3,8,118,3379,109,95
11/9/2022,3,8,92,3417,101,93
11/10/2022,3,8,104,2884,103,97
11/11/2022,3,8,118,2696,103,92
11/12/2022,3,8,125,3196,107,92
11/13/2022,3,8,85,2657,121,91
11/14/2022,3,8,93,2627,106,96
11/15/2022,3,8,85,3422,132,95
11/16/2022,3,8,103,3048,135,98
11/17/2022,3,8,109,2594,126,93
11/18/2022,3,8,121,3169,116,94
11/19/2022,3,8,122,3128,125,91
11/20/2022,3,8,73,2619,132,98
11/21/2022,3,8,103,2747,101,92
11/22/2022,3,8,84,3186,131,95
11/23/2022,3,8,102,2861,109,94
11/24/2022,3,8,104,2949,101,95
11/25/2022,3,8,133,3179,125,97
11/26/2022,3,8,141,2975,107,92
11/27/2022,3,8,80,3423,114,97
11/28/2022,3,8,112,2598,135,96
11/29/2022,3,8,98,3499,106,98
11/30/2022,3,8,99,3303,105,94
12/1/2022,3,8,82,2518,105,97
12/2/2022,3,8,79,3158,130,93
12/3/2022,3,8,94,2716,131,94
12/4/2022,3,8,56,2519,125,96
12/5/2022,3,8,73,2951,122,91
12/6/2022,3,8,63,2780,133,96
12/7/2022,3,8,77,2790,113,95
12/8/2022,3,8,68,3063,119,98
12/9/2022,3,8,81,2567,128,95
12/10/2022,3,8,84,2973,108,97
12/11/2022,3,8,50,3226,126,96
12/12/2022,3,8,92,2835,135,97
12/13/2022,3,8,87,3387,126,92
12/14/2022,3,8,65,3235,110,91
12/15/2022,3,8,87,2773,110,91
12/16/2022,3,8,82,2539,114,96
12/17/2022,3,8,103,2526,113,93
12/18/2022,3,8,53,2749,124,93
12/19/2022,3,8,71,2638,127,97
12/20/2022,3,8,59,3411,120,91
12/21/2022,3,8,66,3185,123,98
12/22/2022,3,8,95,3444,130,91
12/23/2022,3,8,83,2815,124,96
12/24/2022,3,8,71,2756,133,97
12/25/2022,3,8,53,3172,128,94
12/26/2022,3,8,56,3039,112,93
12/27/2022,3,8,67,3405,110,96
12/28/2022,3,8,80,3231,113,96
12/29/2022,3,8,71,2678,106,95
12/30/2022,3,8,87,3136,131,98
12/31/2022,3,8,76,3452,131,97
