date,warehouse,item,sales,marketing_expense,economic_indicator,competitor_pricing
1/1/2018,1,3,15,2893,105,95
1/2/2018,1,3,30,2957,128,94
1/3/2018,1,3,14,3276,106,96
1/4/2018,1,3,10,2843,113,94
1/5/2018,1,3,23,3003,105,94
1/6/2018,1,3,23,3218,104,96
1/7/2018,1,3,10,2683,126,96
1/8/2018,1,3,13,3417,116,96
1/9/2018,1,3,16,2635,101,93
1/10/2018,1,3,15,3473,125,95
1/11/2018,1,3,24,3440,101,97
1/12/2018,1,3,19,3136,118,94
1/13/2018,1,3,19,2659,123,92
1/14/2018,1,3,15,2794,120,94
1/15/2018,1,3,12,3167,115,94
1/16/2018,1,3,26,2861,121,92
1/17/2018,1,3,14,2578,122,96
1/18/2018,1,3,21,2590,125,98
1/19/2018,1,3,13,3114,107,91
1/20/2018,1,3,21,2785,118,95
1/21/2018,1,3,18,2700,102,95
1/22/2018,1,3,20,3054,101,97
1/23/2018,1,3,14,3180,104,96
1/24/2018,1,3,20,3276,124,97
1/25/2018,1,3,21,2843,109,93
1/26/2018,1,3,17,2896,118,97
1/27/2018,1,3,17,2616,107,97
1/28/2018,1,3,14,3253,117,94
1/29/2018,1,3,15,2706,101,98
1/30/2018,1,3,14,2505,127,98
1/31/2018,1,3,24,3007,115,91
2/1/2018,1,3,22,2812,127,92
2/2/2018,1,3,32,3164,121,98
2/3/2018,1,3,29,3243,127,96
2/4/2018,1,3,21,2660,116,95
2/5/2018,1,3,21,3382,125,91
2/6/2018,1,3,19,2700,126,96
2/7/2018,1,3,15,3174,109,98
2/8/2018,1,3,26,2916,102,98
2/9/2018,1,3,24,3366,115,98
2/10/2018,1,3,24,3442,113,93
2/11/2018,1,3,18,3179,104,93
2/12/2018,1,3,17,2594,107,93
2/13/2018,1,3,21,2521,108,93
2/14/2018,1,3,12,2626,116,94
2/15/2018,1,3,23,3088,105,94
2/16/2018,1,3,23,3463,102,96
2/17/2018,1,3,22,2912,116,91
2/18/2018,1,3,16,2544,120,97
2/19/2018,1,3,19,3279,113,97
2/20/2018,1,3,25,3435,122,97
2/21/2018,1,3,21,2534,101,91
2/22/2018,1,3,24,2532,115,92
2/23/2018,1,3,29,2639,103,93
2/24/2018,1,3,15,3467,103,92
2/25/2018,1,3,19,2816,116,93
2/26/2018,1,3,17,3470,106,91
2/27/2018,1,3,19,2740,103,95
2/28/2018,1,3,24,3022,109,94
3/1/2018,1,3,31,3185,102,92
3/2/2018,1,3,32,2502,128,92
3/3/2018,1,3,27,3315,126,94
3/4/2018,1,3,19,3310,112,95
3/5/2018,1,3,18,3352,126,92
3/6/2018,1,3,19,2808,101,98
3/7/2018,1,3,22,2627,127,98
3/8/2018,1,3,22,2958,101,97
3/9/2018,1,3,35,2570,109,93
3/10/2018,1,3,33,3199,124,93
3/11/2018,1,3,21,3099,120,94
3/12/2018,1,3,27,2662,118,91
3/13/2018,1,3,21,3110,112,91
3/14/2018,1,3,22,2538,114,93
3/15/2018,1,3,23,2551,116,97
3/16/2018,1,3,30,2984,124,98
3/17/2018,1,3,24,2886,121,94
3/18/2018,1,3,19,3296,117,98
3/19/2018,1,3,21,3336,116,92
3/20/2018,1,3,25,2676,108,95
3/21/2018,1,3,24,3201,127,92
3/22/2018,1,3,31,3193,116,93
3/23/2018,1,3,41,3296,115,93
3/24/2018,1,3,27,2761,120,96
3/25/2018,1,3,14,3498,104,96
3/26/2018,1,3,30,2894,108,97
3/27/2018,1,3,23,3391,121,97
3/28/2018,1,3,23,3016,128,98
3/29/2018,1,3,21,2669,115,94
3/30/2018,1,3,30,3446,126,95
3/31/2018,1,3,34,3278,105,94
4/1/2018,1,3,23,3286,111,92
4/2/2018,1,3,25,2650,101,98
4/3/2018,1,3,18,3415,121,96
4/4/2018,1,3,31,2616,104,96
4/5/2018,1,3,43,3331,124,93
4/6/2018,1,3,34,3360,126,92
4/7/2018,1,3,37,3131,124,91
4/8/2018,1,3,19,3139,113,92
4/9/2018,1,3,17,2702,112,93
4/10/2018,1,3,24,2783,123,98
4/11/2018,1,3,34,3355,104,94
4/12/2018,1,3,37,3319,114,98
4/13/2018,1,3,31,3449,103,94
4/14/2018,1,3,39,3298,106,94
4/15/2018,1,3,24,3327,127,97
4/16/2018,1,3,13,3470,104,93
4/17/2018,1,3,25,2969,114,98
4/18/2018,1,3,21,2642,102,94
4/19/2018,1,3,40,3025,116,97
4/20/2018,1,3,29,3291,122,98
4/21/2018,1,3,35,2643,111,96
4/22/2018,1,3,33,3314,102,91
4/23/2018,1,3,32,2669,124,97
4/24/2018,1,3,33,3468,115,91
4/25/2018,1,3,31,3276,109,97
4/26/2018,1,3,21,3119,103,91
4/27/2018,1,3,32,2976,127,97
4/28/2018,1,3,28,3389,127,95
4/29/2018,1,3,16,2746,119,93
4/30/2018,1,3,28,2720,124,91
5/1/2018,1,3,38,2613,105,93
5/2/2018,1,3,26,2582,111,92
5/3/2018,1,3,41,2859,112,93
5/4/2018,1,3,40,3417,114,94
5/5/2018,1,3,33,3461,105,96
5/6/2018,1,3,23,3165,119,95
5/7/2018,1,3,29,2527,118,96
5/8/2018,1,3,17,3293,121,92
5/9/2018,1,3,23,2638,127,98
5/10/2018,1,3,42,2976,103,97
5/11/2018,1,3,34,3460,111,97
5/12/2018,1,3,38,2895,103,95
5/13/2018,1,3,17,3135,113,96
5/14/2018,1,3,26,3410,119,98
5/15/2018,1,3,34,2706,101,94
5/16/2018,1,3,34,2981,101,97
5/17/2018,1,3,34,2538,126,95
5/18/2018,1,3,36,3290,105,91
5/19/2018,1,3,41,2688,103,96
5/20/2018,1,3,16,2971,108,94
5/21/2018,1,3,35,2836,108,94
5/22/2018,1,3,24,3350,109,93
5/23/2018,1,3,39,2994,114,98
5/24/2018,1,3,43,3169,110,91
5/25/2018,1,3,34,3410,122,98
5/26/2018,1,3,34,2554,109,92
5/27/2018,1,3,26,2594,109,92
5/28/2018,1,3,29,3150,126,92
5/29/2018,1,3,33,3327,117,98
5/30/2018,1,3,38,3464,119,96
5/31/2018,1,3,36,2743,112,96
6/1/2018,1,3,34,2806,113,91
6/2/2018,1,3,34,3228,126,93
6/3/2018,1,3,26,3371,115,94
6/4/2018,1,3,32,3333,110,91
6/5/2018,1,3,29,3286,120,94
6/6/2018,1,3,29,2543,123,98
6/7/2018,1,3,38,2585,104,97
6/8/2018,1,3,36,2818,124,93
6/9/2018,1,3,42,3101,123,94
6/10/2018,1,3,27,3251,104,96
6/11/2018,1,3,38,3040,111,95
6/12/2018,1,3,30,2847,106,97
6/13/2018,1,3,26,2879,114,97
6/14/2018,1,3,25,2999,116,92
6/15/2018,1,3,42,3117,106,96
6/16/2018,1,3,46,2678,121,94
6/17/2018,1,3,33,3166,112,98
6/18/2018,1,3,27,3340,127,95
6/19/2018,1,3,30,2552,116,96
6/20/2018,1,3,35,2588,112,96
6/21/2018,1,3,39,3472,111,92
6/22/2018,1,3,23,2671,105,95
6/23/2018,1,3,33,2620,122,96
6/24/2018,1,3,27,3301,104,96
6/25/2018,1,3,37,2906,117,93
6/26/2018,1,3,29,2891,116,95
6/27/2018,1,3,36,3454,115,95
6/28/2018,1,3,33,2520,119,98
6/29/2018,1,3,39,3064,115,98
6/30/2018,1,3,41,2735,104,95
7/1/2018,1,3,32,3157,104,96
7/2/2018,1,3,33,2897,120,91
7/3/2018,1,3,43,2701,102,94
7/4/2018,1,3,37,2746,113,97
7/5/2018,1,3,29,2761,128,95
7/6/2018,1,3,27,2803,101,93
7/7/2018,1,3,39,2530,124,98
7/8/2018,1,3,27,3204,125,97
7/9/2018,1,3,24,2723,122,96
7/10/2018,1,3,36,3483,104,91
7/11/2018,1,3,38,3445,127,98
7/12/2018,1,3,47,2997,106,91
7/13/2018,1,3,33,3495,126,92
7/14/2018,1,3,45,3429,110,98
7/15/2018,1,3,28,2518,122,92
7/16/2018,1,3,41,3320,107,98
7/17/2018,1,3,29,3198,128,92
7/18/2018,1,3,37,3333,105,93
7/19/2018,1,3,29,3260,115,91
7/20/2018,1,3,43,2752,128,98
7/21/2018,1,3,45,2913,117,92
7/22/2018,1,3,22,2804,116,93
7/23/2018,1,3,45,2692,104,95
7/24/2018,1,3,43,2696,116,97
7/25/2018,1,3,34,2591,125,98
7/26/2018,1,3,42,2515,102,91
7/27/2018,1,3,31,3024,117,96
7/28/2018,1,3,50,2692,102,96
7/29/2018,1,3,21,2990,108,94
7/30/2018,1,3,38,3010,114,97
7/31/2018,1,3,37,3303,104,96
8/1/2018,1,3,28,3191,116,91
8/2/2018,1,3,35,2539,117,92
8/3/2018,1,3,36,3347,109,94
8/4/2018,1,3,24,2727,122,93
8/5/2018,1,3,18,2824,112,97
8/6/2018,1,3,42,3431,107,93
8/7/2018,1,3,27,2578,124,95
8/8/2018,1,3,35,2629,108,98
8/9/2018,1,3,39,3200,111,91
8/10/2018,1,3,43,2596,103,94
8/11/2018,1,3,30,3029,102,95
8/12/2018,1,3,21,3222,109,95
8/13/2018,1,3,34,3160,108,92
8/14/2018,1,3,28,2689,101,97
8/15/2018,1,3,36,3000,101,95
8/16/2018,1,3,37,3002,111,95
8/17/2018,1,3,29,2893,122,93
8/18/2018,1,3,34,3492,110,92
8/19/2018,1,3,36,3341,118,96
8/20/2018,1,3,31,3106,123,98
8/21/2018,1,3,22,2717,118,96
8/22/2018,1,3,30,3491,102,94
8/23/2018,1,3,38,3142,110,95
8/24/2018,1,3,46,3188,120,97
8/25/2018,1,3,34,2818,116,94
8/26/2018,1,3,22,3237,113,94
8/27/2018,1,3,29,2543,114,94
8/28/2018,1,3,28,3237,127,93
8/29/2018,1,3,26,2562,125,93
8/30/2018,1,3,44,3367,106,96
8/31/2018,1,3,34,3276,122,96
9/1/2018,1,3,42,2704,116,95
9/2/2018,1,3,28,2939,108,98
9/3/2018,1,3,29,2852,115,91
9/4/2018,1,3,21,2632,105,98
9/5/2018,1,3,30,2715,120,97
9/6/2018,1,3,31,3327,107,97
9/7/2018,1,3,37,3212,122,94
9/8/2018,1,3,40,2691,124,95
9/9/2018,1,3,18,2704,110,95
9/10/2018,1,3,34,2971,118,95
9/11/2018,1,3,27,2513,126,92
9/12/2018,1,3,32,2585,124,96
9/13/2018,1,3,29,3161,118,94
9/14/2018,1,3,34,2811,110,97
9/15/2018,1,3,28,2869,127,96
9/16/2018,1,3,20,2593,102,95
9/17/2018,1,3,25,2867,116,91
9/18/2018,1,3,31,2994,105,98
9/19/2018,1,3,33,3274,117,95
9/20/2018,1,3,27,2517,125,91
9/21/2018,1,3,33,2608,107,98
9/22/2018,1,3,37,2906,128,97
9/23/2018,1,3,13,2990,102,96
9/24/2018,1,3,34,2907,120,95
9/25/2018,1,3,25,2619,104,93
9/26/2018,1,3,30,3077,127,91
9/27/2018,1,3,34,2820,119,91
9/28/2018,1,3,36,3306,123,93
9/29/2018,1,3,32,2855,107,91
9/30/2018,1,3,21,3391,124,98
10/1/2018,1,3,21,2979,103,93
10/2/2018,1,3,32,2524,119,92
10/3/2018,1,3,32,3043,128,97
10/4/2018,1,3,30,2638,108,95
10/5/2018,1,3,26,3232,116,94
10/6/2018,1,3,30,3359,127,97
10/7/2018,1,3,16,2632,120,91
10/8/2018,1,3,21,2712,114,92
10/9/2018,1,3,21,2883,102,98
10/10/2018,1,3,32,3195,105,98
10/11/2018,1,3,19,3238,118,93
10/12/2018,1,3,23,2551,103,93
10/13/2018,1,3,23,3019,123,93
10/14/2018,1,3,19,2554,109,94
10/15/2018,1,3,29,3134,106,91
10/16/2018,1,3,23,3313,126,92
10/17/2018,1,3,27,3443,125,93
10/18/2018,1,3,21,2634,109,97
10/19/2018,1,3,23,2919,107,94
10/20/2018,1,3,37,3208,117,93
10/21/2018,1,3,19,3395,120,94
10/22/2018,1,3,22,3325,106,94
10/23/2018,1,3,22,2714,117,96
10/24/2018,1,3,28,2641,108,97
10/25/2018,1,3,28,2985,107,91
10/26/2018,1,3,31,2727,102,97
10/27/2018,1,3,31,2973,122,94
10/28/2018,1,3,16,2636,125,95
10/29/2018,1,3,23,3482,120,95
10/30/2018,1,3,23,2856,127,92
10/31/2018,1,3,28,3111,121,96
11/1/2018,1,3,38,3369,118,92
11/2/2018,1,3,24,2571,108,97
11/3/2018,1,3,33,2675,111,95
11/4/2018,1,3,33,2642,117,96
11/5/2018,1,3,27,2784,108,92
11/6/2018,1,3,19,2991,112,94
11/7/2018,1,3,30,3283,125,97
11/8/2018,1,3,37,2521,109,95
11/9/2018,1,3,31,2514,114,98
11/10/2018,1,3,30,3263,114,98
11/11/2018,1,3,22,3492,108,98
11/12/2018,1,3,26,2778,127,95
11/13/2018,1,3,14,3220,118,92
11/14/2018,1,3,26,2602,127,92
11/15/2018,1,3,35,3384,105,97
11/16/2018,1,3,33,2697,127,95
11/17/2018,1,3,37,2521,108,92
11/18/2018,1,3,32,2589,105,94
11/19/2018,1,3,34,2907,111,94
11/20/2018,1,3,22,3420,111,93
11/21/2018,1,3,34,2810,122,93
11/22/2018,1,3,30,2778,128,98
11/23/2018,1,3,32,2934,122,96
11/24/2018,1,3,29,3410,106,94
11/25/2018,1,3,25,3499,127,98
11/26/2018,1,3,36,3123,108,93
11/27/2018,1,3,31,3298,127,96
11/28/2018,1,3,28,2782,122,94
11/29/2018,1,3,36,2541,104,91
11/30/2018,1,3,36,3228,101,93
12/1/2018,1,3,20,3140,109,94
12/2/2018,1,3,20,3143,102,97
12/3/2018,1,3,21,2862,117,95
12/4/2018,1,3,16,2519,103,95
12/5/2018,1,3,22,3053,119,96
12/6/2018,1,3,19,2830,126,97
12/7/2018,1,3,21,3201,121,92
12/8/2018,1,3,26,2572,106,96
12/9/2018,1,3,19,3305,101,91
12/10/2018,1,3,19,3380,112,95
12/11/2018,1,3,19,2655,106,98
12/12/2018,1,3,28,2883,105,96
12/13/2018,1,3,21,3350,125,92
12/14/2018,1,3,35,2983,125,94
12/15/2018,1,3,26,2658,116,98
12/16/2018,1,3,20,2740,127,97
12/17/2018,1,3,19,2682,112,92
12/18/2018,1,3,18,3218,124,92
12/19/2018,1,3,19,3416,111,94
12/20/2018,1,3,23,2946,106,92
12/21/2018,1,3,23,3484,126,97
12/22/2018,1,3,33,3147,112,91
12/23/2018,1,3,18,2991,118,93
12/24/2018,1,3,19,2866,110,91
12/25/2018,1,3,27,3263,103,95
12/26/2018,1,3,15,2723,121,97
12/27/2018,1,3,19,3335,111,96
12/28/2018,1,3,17,3095,103,95
12/29/2018,1,3,23,3103,111,95
12/30/2018,1,3,14,3337,116,96
12/31/2018,1,3,18,2639,128,93
1/1/2019,1,3,21,3274,114,97
1/2/2019,1,3,24,3131,105,93
1/3/2019,1,3,20,3239,110,95
1/4/2019,1,3,19,2909,114,92
1/5/2019,1,3,24,2551,105,97
1/6/2019,1,3,15,2941,120,92
1/7/2019,1,3,20,3038,112,95
1/8/2019,1,3,22,3147,126,94
1/9/2019,1,3,25,2911,104,92
1/10/2019,1,3,27,2558,101,93
1/11/2019,1,3,24,3473,126,96
1/12/2019,1,3,24,3412,114,94
1/13/2019,1,3,24,2998,122,96
1/14/2019,1,3,19,2777,103,95
1/15/2019,1,3,14,3226,123,91
1/16/2019,1,3,22,2636,104,92
1/17/2019,1,3,20,2575,112,94
1/18/2019,1,3,29,2678,123,94
1/19/2019,1,3,21,2609,105,93
1/20/2019,1,3,21,2666,121,91
1/21/2019,1,3,19,3041,115,96
1/22/2019,1,3,20,3432,102,95
1/23/2019,1,3,22,3249,110,91
1/24/2019,1,3,22,2685,114,98
1/25/2019,1,3,17,2814,128,91
1/26/2019,1,3,24,3268,112,95
1/27/2019,1,3,14,2993,115,95
1/28/2019,1,3,31,3411,125,94
1/29/2019,1,3,17,3215,107,92
1/30/2019,1,3,16,2710,123,93
1/31/2019,1,3,17,3459,106,98
2/1/2019,1,3,27,2761,128,96
2/2/2019,1,3,28,3297,123,94
2/3/2019,1,3,13,3277,125,92
2/4/2019,1,3,22,3457,110,91
2/5/2019,1,3,25,2604,113,92
2/6/2019,1,3,23,3275,118,97
2/7/2019,1,3,38,2864,110,96
2/8/2019,1,3,33,2680,103,91
2/9/2019,1,3,34,2940,116,95
2/10/2019,1,3,27,3008,113,98
2/11/2019,1,3,19,2660,104,95
2/12/2019,1,3,21,3151,126,91
2/13/2019,1,3,26,2844,114,97
2/14/2019,1,3,25,3050,114,96
2/15/2019,1,3,26,2519,128,95
2/16/2019,1,3,28,2972,109,92
2/17/2019,1,3,17,3044,123,95
2/18/2019,1,3,25,2977,115,94
2/19/2019,1,3,18,3231,113,95
2/20/2019,1,3,27,2823,106,96
2/21/2019,1,3,21,3460,117,91
2/22/2019,1,3,26,3071,125,97
2/23/2019,1,3,24,3154,103,92
2/24/2019,1,3,22,2564,112,93
2/25/2019,1,3,20,3022,122,92
2/26/2019,1,3,25,2779,113,96
2/27/2019,1,3,15,2525,116,94
2/28/2019,1,3,19,2755,113,95
3/1/2019,1,3,29,3387,102,96
3/2/2019,1,3,36,3405,121,94
3/3/2019,1,3,28,2746,105,91
3/4/2019,1,3,20,2554,121,97
3/5/2019,1,3,18,2709,128,92
3/6/2019,1,3,23,3419,103,92
3/7/2019,1,3,31,2839,114,93
3/8/2019,1,3,32,2547,114,92
3/9/2019,1,3,33,3136,115,93
3/10/2019,1,3,17,3170,122,92
3/11/2019,1,3,26,3136,107,96
3/12/2019,1,3,25,3334,103,98
3/13/2019,1,3,32,3228,106,93
3/14/2019,1,3,30,3313,106,97
3/15/2019,1,3,33,2993,110,95
3/16/2019,1,3,32,3045,125,94
3/17/2019,1,3,27,3094,123,96
3/18/2019,1,3,19,3148,115,91
3/19/2019,1,3,30,3071,109,93
3/20/2019,1,3,26,3355,109,91
3/21/2019,1,3,30,2941,107,97
3/22/2019,1,3,33,2569,117,95
3/23/2019,1,3,25,2615,102,96
3/24/2019,1,3,23,3160,122,95
3/25/2019,1,3,24,2668,126,94
3/26/2019,1,3,23,3001,114,97
3/27/2019,1,3,36,2979,108,97
3/28/2019,1,3,35,2978,101,94
3/29/2019,1,3,37,2975,125,98
3/30/2019,1,3,47,3244,126,97
3/31/2019,1,3,25,3440,105,93
4/1/2019,1,3,27,2740,106,94
4/2/2019,1,3,40,2548,119,92
4/3/2019,1,3,34,3219,114,98
4/4/2019,1,3,40,3141,114,94
4/5/2019,1,3,35,3280,114,94
4/6/2019,1,3,30,3116,116,95
4/7/2019,1,3,33,2714,109,96
4/8/2019,1,3,32,2697,105,98
4/9/2019,1,3,31,2747,118,96
4/10/2019,1,3,26,2522,119,93
4/11/2019,1,3,31,3110,104,96
4/12/2019,1,3,28,3438,122,93
4/13/2019,1,3,36,3258,116,95
4/14/2019,1,3,26,2728,123,94
4/15/2019,1,3,26,2640,104,92
4/16/2019,1,3,25,3322,125,96
4/17/2019,1,3,39,3333,122,91
4/18/2019,1,3,37,2665,128,96
4/19/2019,1,3,35,2940,106,98
4/20/2019,1,3,46,3036,111,91
4/21/2019,1,3,37,3324,103,97
4/22/2019,1,3,30,3225,111,95
4/23/2019,1,3,30,3436,121,93
4/24/2019,1,3,28,3118,104,92
4/25/2019,1,3,34,2523,121,98
4/26/2019,1,3,35,3071,113,97
4/27/2019,1,3,29,2984,107,93
4/28/2019,1,3,25,2955,121,91
4/29/2019,1,3,30,2627,101,91
4/30/2019,1,3,38,3428,115,97
5/1/2019,1,3,33,2749,104,97
5/2/2019,1,3,41,3223,115,92
5/3/2019,1,3,46,3451,114,96
5/4/2019,1,3,40,2530,111,92
5/5/2019,1,3,33,3102,118,92
5/6/2019,1,3,23,2957,122,91
5/7/2019,1,3,43,2687,114,93
5/8/2019,1,3,30,2861,110,94
5/9/2019,1,3,35,2511,104,92
5/10/2019,1,3,38,2842,115,92
5/11/2019,1,3,46,3103,126,98
5/12/2019,1,3,27,2640,108,94
5/13/2019,1,3,37,3085,122,92
5/14/2019,1,3,28,3040,102,91
5/15/2019,1,3,42,3175,116,98
5/16/2019,1,3,43,3264,112,97
5/17/2019,1,3,49,2558,126,94
5/18/2019,1,3,49,3450,104,93
5/19/2019,1,3,30,3190,101,94
5/20/2019,1,3,37,3057,105,91
5/21/2019,1,3,41,2638,113,91
5/22/2019,1,3,37,3171,127,97
5/23/2019,1,3,37,3242,116,96
5/24/2019,1,3,38,3079,126,94
5/25/2019,1,3,57,3364,126,98
5/26/2019,1,3,30,2694,110,92
5/27/2019,1,3,37,2590,121,92
5/28/2019,1,3,36,3226,111,96
5/29/2019,1,3,37,3338,109,96
5/30/2019,1,3,31,2942,112,97
5/31/2019,1,3,37,2772,127,97
6/1/2019,1,3,45,3208,121,91
6/2/2019,1,3,44,3353,111,95
6/3/2019,1,3,34,2744,112,95
6/4/2019,1,3,22,3285,114,98
6/5/2019,1,3,31,2721,128,94
6/6/2019,1,3,40,3094,109,93
6/7/2019,1,3,33,2790,123,95
6/8/2019,1,3,52,3113,104,98
6/9/2019,1,3,33,2711,114,95
6/10/2019,1,3,33,3029,104,93
6/11/2019,1,3,42,2588,117,93
6/12/2019,1,3,44,2535,114,92
6/13/2019,1,3,33,2809,103,92
6/14/2019,1,3,48,3053,128,97
6/15/2019,1,3,49,3163,128,92
6/16/2019,1,3,28,3404,103,91
6/17/2019,1,3,31,2993,109,98
6/18/2019,1,3,33,3420,107,96
6/19/2019,1,3,45,2940,102,94
6/20/2019,1,3,33,3248,111,94
6/21/2019,1,3,36,3384,116,97
6/22/2019,1,3,47,3300,121,94
6/23/2019,1,3,30,3118,111,98
6/24/2019,1,3,38,2706,104,96
6/25/2019,1,3,32,3282,108,95
6/26/2019,1,3,43,3415,108,91
6/27/2019,1,3,30,3120,127,95
6/28/2019,1,3,45,2578,107,92
6/29/2019,1,3,53,3399,116,91
6/30/2019,1,3,22,2823,103,94
7/1/2019,1,3,27,2882,119,97
7/2/2019,1,3,35,3162,115,91
7/3/2019,1,3,34,2822,114,97
7/4/2019,1,3,48,3337,112,96
7/5/2019,1,3,53,3092,105,94
7/6/2019,1,3,39,2600,122,93
7/7/2019,1,3,37,2646,128,91
7/8/2019,1,3,37,3169,121,97
7/9/2019,1,3,27,2940,107,92
7/10/2019,1,3,44,3139,115,94
7/11/2019,1,3,46,3199,114,98
7/12/2019,1,3,35,3476,116,98
7/13/2019,1,3,38,2843,116,98
7/14/2019,1,3,36,3179,104,94
7/15/2019,1,3,39,3448,111,96
7/16/2019,1,3,31,3065,120,92
7/17/2019,1,3,28,3425,107,91
7/18/2019,1,3,52,2598,105,97
7/19/2019,1,3,58,3466,114,98
7/20/2019,1,3,65,2875,114,97
7/21/2019,1,3,24,3342,117,95
7/22/2019,1,3,25,2686,128,95
7/23/2019,1,3,43,2883,115,91
7/24/2019,1,3,38,3164,103,97
7/25/2019,1,3,37,2735,114,95
7/26/2019,1,3,51,3050,114,98
7/27/2019,1,3,43,2930,116,93
7/28/2019,1,3,31,2971,118,97
7/29/2019,1,3,36,2743,107,94
7/30/2019,1,3,37,2989,105,94
7/31/2019,1,3,30,2979,125,98
8/1/2019,1,3,34,2840,106,98
8/2/2019,1,3,43,3462,126,97
8/3/2019,1,3,45,3312,106,93
8/4/2019,1,3,40,3083,126,95
8/5/2019,1,3,36,3161,103,96
8/6/2019,1,3,39,2874,107,91
8/7/2019,1,3,34,3237,128,91
8/8/2019,1,3,41,2549,111,91
8/9/2019,1,3,38,2625,108,95
8/10/2019,1,3,50,2851,113,92
8/11/2019,1,3,27,2887,127,91
8/12/2019,1,3,36,2695,104,96
8/13/2019,1,3,34,3353,108,97
8/14/2019,1,3,39,2821,127,91
8/15/2019,1,3,32,2817,120,95
8/16/2019,1,3,34,3199,106,93
8/17/2019,1,3,57,3489,112,91
8/18/2019,1,3,24,3082,112,92
8/19/2019,1,3,25,2700,111,96
8/20/2019,1,3,30,3375,105,92
8/21/2019,1,3,34,2773,128,91
8/22/2019,1,3,39,2875,121,97
8/23/2019,1,3,42,2575,122,94
8/24/2019,1,3,40,2515,106,96
8/25/2019,1,3,30,3024,120,96
8/26/2019,1,3,22,2993,122,94
8/27/2019,1,3,22,3044,101,95
8/28/2019,1,3,40,2569,121,97
8/29/2019,1,3,33,2819,105,96
8/30/2019,1,3,39,3350,124,93
8/31/2019,1,3,37,3312,102,97
9/1/2019,1,3,25,3249,117,94
9/2/2019,1,3,21,2694,115,97
9/3/2019,1,3,34,2790,111,98
9/4/2019,1,3,21,3453,104,93
9/5/2019,1,3,44,2856,101,98
9/6/2019,1,3,34,2535,122,97
9/7/2019,1,3,34,3338,101,95
9/8/2019,1,3,24,3099,128,97
9/9/2019,1,3,27,3239,122,98
9/10/2019,1,3,29,3107,121,91
9/11/2019,1,3,25,2787,116,94
9/12/2019,1,3,44,2709,108,92
9/13/2019,1,3,39,3445,116,97
9/14/2019,1,3,52,3336,124,91
9/15/2019,1,3,29,3120,121,92
9/16/2019,1,3,32,2998,126,98
9/17/2019,1,3,29,3455,104,95
9/18/2019,1,3,38,3016,111,91
9/19/2019,1,3,34,2661,108,98
9/20/2019,1,3,40,3184,103,94
9/21/2019,1,3,41,3435,119,95
9/22/2019,1,3,32,3094,118,95
9/23/2019,1,3,22,3185,117,93
9/24/2019,1,3,34,3098,122,91
9/25/2019,1,3,25,2562,102,97
9/26/2019,1,3,22,3071,125,91
9/27/2019,1,3,39,3233,104,97
9/28/2019,1,3,43,2592,121,96
9/29/2019,1,3,26,3097,120,91
9/30/2019,1,3,32,3335,116,96
10/1/2019,1,3,26,3428,105,96
10/2/2019,1,3,31,2514,119,98
10/3/2019,1,3,34,2585,110,92
10/4/2019,1,3,37,2744,128,96
10/5/2019,1,3,39,3141,120,97
10/6/2019,1,3,28,2637,121,97
10/7/2019,1,3,33,3038,120,93
10/8/2019,1,3,25,2832,125,96
10/9/2019,1,3,28,3310,103,94
10/10/2019,1,3,33,2668,116,98
10/11/2019,1,3,36,3054,107,96
10/12/2019,1,3,54,3103,109,98
10/13/2019,1,3,33,3450,124,93
10/14/2019,1,3,20,2890,127,96
10/15/2019,1,3,20,2633,101,91
10/16/2019,1,3,34,3182,118,93
10/17/2019,1,3,35,2861,114,92
10/18/2019,1,3,38,3288,126,96
10/19/2019,1,3,25,2906,111,96
10/20/2019,1,3,21,2606,108,97
10/21/2019,1,3,35,3326,117,96
10/22/2019,1,3,31,3013,107,91
10/23/2019,1,3,30,2801,111,91
10/24/2019,1,3,28,3239,108,92
10/25/2019,1,3,33,2605,117,93
10/26/2019,1,3,44,2684,124,96
10/27/2019,1,3,25,2768,104,96
10/28/2019,1,3,27,3457,115,91
10/29/2019,1,3,27,2784,125,98
10/30/2019,1,3,39,2631,117,94
10/31/2019,1,3,32,2902,125,94
11/1/2019,1,3,31,3368,105,96
11/2/2019,1,3,52,3206,115,96
11/3/2019,1,3,26,2900,125,92
11/4/2019,1,3,35,3457,117,97
11/5/2019,1,3,25,3144,119,96
11/6/2019,1,3,27,3085,116,98
11/7/2019,1,3,28,2779,102,95
11/8/2019,1,3,38,3469,120,96
11/9/2019,1,3,33,3005,121,94
11/10/2019,1,3,26,3048,127,93
11/11/2019,1,3,39,3370,127,91
11/12/2019,1,3,36,2518,110,96
11/13/2019,1,3,30,2744,120,91
11/14/2019,1,3,43,3198,106,96
11/15/2019,1,3,40,3039,114,97
11/16/2019,1,3,48,2706,127,96
11/17/2019,1,3,21,2675,127,94
11/18/2019,1,3,22,3145,104,96
11/19/2019,1,3,41,2590,109,93
11/20/2019,1,3,41,3327,121,95
11/21/2019,1,3,44,3484,116,92
11/22/2019,1,3,38,2872,117,97
11/23/2019,1,3,41,2558,116,95
11/24/2019,1,3,30,2979,119,91
11/25/2019,1,3,34,3352,107,94
11/26/2019,1,3,25,3186,113,94
11/27/2019,1,3,24,2654,121,92
11/28/2019,1,3,32,3500,105,98
11/29/2019,1,3,31,2693,118,96
11/30/2019,1,3,39,2904,125,95
12/1/2019,1,3,24,3447,128,97
12/2/2019,1,3,22,2581,119,98
12/3/2019,1,3,25,3395,126,98
12/4/2019,1,3,24,3266,113,95
12/5/2019,1,3,27,2753,120,96
12/6/2019,1,3,28,2905,122,96
12/7/2019,1,3,29,2807,110,96
12/8/2019,1,3,25,2630,128,93
12/9/2019,1,3,21,2829,117,97
12/10/2019,1,3,14,2543,118,95
12/11/2019,1,3,19,2602,120,96
12/12/2019,1,3,27,2876,101,94
12/13/2019,1,3,22,2875,126,92
12/14/2019,1,3,32,3276,126,91
12/15/2019,1,3,15,3322,113,95
12/16/2019,1,3,17,3011,111,97
12/17/2019,1,3,25,3307,121,95
12/18/2019,1,3,18,2621,104,92
12/19/2019,1,3,25,3295,114,98
12/20/2019,1,3,27,2882,118,97
12/21/2019,1,3,29,3259,122,95
12/22/2019,1,3,22,2552,124,95
12/23/2019,1,3,22,3260,119,92
12/24/2019,1,3,24,2607,108,96
12/25/2019,1,3,17,2911,116,94
12/26/2019,1,3,25,2685,117,95
12/27/2019,1,3,25,3384,105,91
12/28/2019,1,3,27,2854,102,93
12/29/2019,1,3,25,3107,125,91
12/30/2019,1,3,22,2598,122,91
12/31/2019,1,3,25,3250,114,96
1/1/2020,1,3,18,3482,125,92
1/2/2020,1,3,25,3204,123,93
1/3/2020,1,3,28,3023,122,92
1/4/2020,1,3,28,3110,116,98
1/5/2020,1,3,20,2935,106,95
1/6/2020,1,3,16,3061,117,91
1/7/2020,1,3,19,3201,116,98
1/8/2020,1,3,20,3169,125,98
1/9/2020,1,3,29,3462,104,94
1/10/2020,1,3,19,2606,122,97
1/11/2020,1,3,33,3099,113,95
1/12/2020,1,3,24,3183,118,93
1/13/2020,1,3,24,2808,123,93
1/14/2020,1,3,26,2586,122,92
1/15/2020,1,3,27,3153,122,92
1/16/2020,1,3,28,3396,112,94
1/17/2020,1,3,24,2716,101,91
1/18/2020,1,3,35,2810,110,91
1/19/2020,1,3,19,2600,118,95
1/20/2020,1,3,17,2756,106,98
1/21/2020,1,3,15,3500,124,97
1/22/2020,1,3,22,2524,104,92
1/23/2020,1,3,26,3184,107,98
1/24/2020,1,3,24,2751,119,98
1/25/2020,1,3,30,3330,126,93
1/26/2020,1,3,20,2557,128,98
1/27/2020,1,3,17,3079,113,91
1/28/2020,1,3,25,3214,101,96
1/29/2020,1,3,21,3466,112,96
1/30/2020,1,3,15,3121,120,97
1/31/2020,1,3,25,3096,111,98
2/1/2020,1,3,32,3181,124,97
2/2/2020,1,3,13,3156,111,95
2/3/2020,1,3,15,3206,107,98
2/4/2020,1,3,24,2821,121,97
2/5/2020,1,3,20,2667,122,93
2/6/2020,1,3,20,3167,122,93
2/7/2020,1,3,38,2599,110,93
2/8/2020,1,3,38,3020,103,95
2/9/2020,1,3,19,2601,106,92
2/10/2020,1,3,25,3397,113,93
2/11/2020,1,3,22,2659,111,96
2/12/2020,1,3,19,3025,111,97
2/13/2020,1,3,15,3115,122,96
2/14/2020,1,3,28,2673,109,92
2/15/2020,1,3,35,3367,125,91
2/16/2020,1,3,22,2663,114,93
2/17/2020,1,3,23,3172,107,98
2/18/2020,1,3,22,3090,106,94
2/19/2020,1,3,29,3360,127,98
2/20/2020,1,3,21,2820,112,96
2/21/2020,1,3,27,2956,111,93
2/22/2020,1,3,26,3049,102,92
2/23/2020,1,3,21,3440,105,98
2/24/2020,1,3,19,3367,122,96
2/25/2020,1,3,23,2698,121,98
2/26/2020,1,3,26,3108,107,96
2/27/2020,1,3,30,2736,103,95
2/28/2020,1,3,18,2573,103,93
3/1/2020,1,3,26,3195,128,95
3/2/2020,1,3,26,2504,126,96
3/3/2020,1,3,19,2831,115,92
3/4/2020,1,3,21,3088,120,91
3/5/2020,1,3,34,3363,122,95
3/6/2020,1,3,26,3133,127,93
3/7/2020,1,3,30,3397,128,92
3/8/2020,1,3,36,3410,126,92
3/9/2020,1,3,29,3431,116,96
3/10/2020,1,3,30,3206,122,92
3/11/2020,1,3,24,2905,126,93
3/12/2020,1,3,25,2970,126,93
3/13/2020,1,3,33,3108,112,94
3/14/2020,1,3,35,2691,118,94
3/15/2020,1,3,46,2665,117,95
3/16/2020,1,3,20,2948,119,97
3/17/2020,1,3,23,2938,115,95
3/18/2020,1,3,29,3337,108,97
3/19/2020,1,3,33,2511,101,91
3/20/2020,1,3,44,3436,105,97
3/21/2020,1,3,35,3333,124,94
3/22/2020,1,3,32,3036,126,97
3/23/2020,1,3,28,3245,125,92
3/24/2020,1,3,22,3279,123,92
3/25/2020,1,3,22,3277,118,93
3/26/2020,1,3,30,3062,125,94
3/27/2020,1,3,30,3229,103,91
3/28/2020,1,3,35,2794,101,92
3/29/2020,1,3,31,3147,101,95
3/30/2020,1,3,19,3202,128,98
3/31/2020,1,3,35,2590,114,94
4/1/2020,1,3,38,2590,108,93
4/2/2020,1,3,34,3419,120,91
4/3/2020,1,3,37,3320,128,92
4/4/2020,1,3,38,3092,120,91
4/5/2020,1,3,35,2979,105,94
4/6/2020,1,3,36,3143,115,92
4/7/2020,1,3,45,3331,115,98
4/8/2020,1,3,27,2993,126,95
4/9/2020,1,3,37,2774,108,95
4/10/2020,1,3,39,2762,107,96
4/11/2020,1,3,39,2921,120,91
4/12/2020,1,3,41,3166,111,94
4/13/2020,1,3,24,2663,104,96
4/14/2020,1,3,21,3459,115,98
4/15/2020,1,3,29,2774,122,91
4/16/2020,1,3,33,3334,125,97
4/17/2020,1,3,37,2843,105,91
4/18/2020,1,3,35,2642,115,97
4/19/2020,1,3,54,3461,128,93
4/20/2020,1,3,26,2531,112,96
4/21/2020,1,3,33,2682,107,95
4/22/2020,1,3,35,3000,103,98
4/23/2020,1,3,29,3410,128,93
4/24/2020,1,3,32,2601,114,97
4/25/2020,1,3,57,3434,126,91
4/26/2020,1,3,41,2677,122,98
4/27/2020,1,3,22,2888,116,94
4/28/2020,1,3,30,2869,105,92
4/29/2020,1,3,32,2592,109,94
4/30/2020,1,3,42,2961,118,97
5/1/2020,1,3,49,2613,114,98
5/2/2020,1,3,50,3371,116,97
5/3/2020,1,3,60,3314,122,97
5/4/2020,1,3,36,2683,112,95
5/5/2020,1,3,29,3257,113,92
5/6/2020,1,3,31,3066,126,97
5/7/2020,1,3,39,3428,111,92
5/8/2020,1,3,30,2902,114,95
5/9/2020,1,3,42,2574,121,91
5/10/2020,1,3,50,2820,115,93
5/11/2020,1,3,31,3079,126,98
5/12/2020,1,3,26,2572,128,92
5/13/2020,1,3,41,2656,126,97
5/14/2020,1,3,44,2908,127,91
5/15/2020,1,3,52,2923,125,98
5/16/2020,1,3,41,3478,118,93
5/17/2020,1,3,37,3433,115,97
5/18/2020,1,3,33,3481,127,94
5/19/2020,1,3,33,2760,126,95
5/20/2020,1,3,31,3390,125,96
5/21/2020,1,3,39,3235,105,97
5/22/2020,1,3,40,2748,123,98
5/23/2020,1,3,47,3464,103,98
5/24/2020,1,3,38,3210,117,95
5/25/2020,1,3,34,3043,108,92
5/26/2020,1,3,47,2837,118,97
5/27/2020,1,3,37,3004,111,94
5/28/2020,1,3,43,2848,121,93
5/29/2020,1,3,40,3150,119,98
5/30/2020,1,3,37,2941,110,98
5/31/2020,1,3,49,3008,125,92
6/1/2020,1,3,29,3131,114,96
6/2/2020,1,3,30,3155,101,97
6/3/2020,1,3,40,2752,108,94
6/4/2020,1,3,43,3031,118,92
6/5/2020,1,3,46,3298,118,96
6/6/2020,1,3,49,3152,101,91
6/7/2020,1,3,48,3309,126,95
6/8/2020,1,3,36,2859,106,95
6/9/2020,1,3,43,3055,118,92
6/10/2020,1,3,51,3327,114,98
6/11/2020,1,3,42,3301,112,93
6/12/2020,1,3,45,2639,102,92
6/13/2020,1,3,43,3440,106,92
6/14/2020,1,3,41,2515,107,91
6/15/2020,1,3,38,2747,128,97
6/16/2020,1,3,39,2736,119,94
6/17/2020,1,3,40,2726,102,97
6/18/2020,1,3,42,2923,113,98
6/19/2020,1,3,58,2770,106,95
6/20/2020,1,3,34,3301,121,98
6/21/2020,1,3,44,2904,115,94
6/22/2020,1,3,27,3143,115,96
6/23/2020,1,3,51,2915,123,91
6/24/2020,1,3,48,3469,120,92
6/25/2020,1,3,43,2669,104,97
6/26/2020,1,3,50,3244,109,91
6/27/2020,1,3,34,2686,112,92
6/28/2020,1,3,35,2579,125,96
6/29/2020,1,3,25,2899,109,97
6/30/2020,1,3,21,2571,111,91
7/1/2020,1,3,36,2739,126,97
7/2/2020,1,3,37,3186,115,97
7/3/2020,1,3,35,3371,127,94
7/4/2020,1,3,49,2501,124,95
7/5/2020,1,3,53,3085,115,98
7/6/2020,1,3,27,2638,105,98
7/7/2020,1,3,38,2930,101,91
7/8/2020,1,3,39,3253,126,93
7/9/2020,1,3,26,2518,108,97
7/10/2020,1,3,52,3328,117,98
7/11/2020,1,3,59,2755,124,92
7/12/2020,1,3,61,2813,125,97
7/13/2020,1,3,30,2857,110,93
7/14/2020,1,3,46,2733,111,95
7/15/2020,1,3,34,2709,108,91
7/16/2020,1,3,44,3211,106,91
7/17/2020,1,3,49,2500,115,94
7/18/2020,1,3,54,2507,105,96
7/19/2020,1,3,45,3385,115,91
7/20/2020,1,3,38,3209,118,94
7/21/2020,1,3,43,3324,127,94
7/22/2020,1,3,38,2876,111,92
7/23/2020,1,3,41,3420,108,92
7/24/2020,1,3,53,2983,110,92
7/25/2020,1,3,53,2792,121,94
7/26/2020,1,3,57,2745,122,91
7/27/2020,1,3,23,3116,115,97
7/28/2020,1,3,49,2989,123,95
7/29/2020,1,3,38,2925,116,94
7/30/2020,1,3,36,2901,124,92
7/31/2020,1,3,42,3322,103,91
8/1/2020,1,3,41,2536,103,94
8/2/2020,1,3,35,2873,125,92
8/3/2020,1,3,30,2726,108,98
8/4/2020,1,3,31,2712,111,94
8/5/2020,1,3,40,3111,124,98
8/6/2020,1,3,40,2631,120,92
8/7/2020,1,3,42,2746,115,92
8/8/2020,1,3,36,2629,118,98
8/9/2020,1,3,37,2539,103,95
8/10/2020,1,3,28,2568,122,96
8/11/2020,1,3,39,2739,116,91
8/12/2020,1,3,40,2869,116,95
8/13/2020,1,3,34,3145,102,91
8/14/2020,1,3,34,3197,123,93
8/15/2020,1,3,45,3219,122,93
8/16/2020,1,3,47,3407,123,93
8/17/2020,1,3,29,2631,127,93
8/18/2020,1,3,24,2923,112,98
8/19/2020,1,3,33,2887,121,96
8/20/2020,1,3,50,3402,119,96
8/21/2020,1,3,36,2590,108,96
8/22/2020,1,3,45,3194,110,93
8/23/2020,1,3,42,3255,118,95
8/24/2020,1,3,26,2948,122,91
8/25/2020,1,3,37,3224,112,96
8/26/2020,1,3,31,2951,110,95
8/27/2020,1,3,47,2739,124,95
8/28/2020,1,3,41,2749,113,98
8/29/2020,1,3,48,3364,123,92
8/30/2020,1,3,50,2775,101,93
8/31/2020,1,3,40,2657,105,93
9/1/2020,1,3,27,3012,128,97
9/2/2020,1,3,27,3474,110,94
9/3/2020,1,3,33,3448,109,95
9/4/2020,1,3,43,3383,101,94
9/5/2020,1,3,37,2825,113,97
9/6/2020,1,3,35,3235,117,95
9/7/2020,1,3,33,3463,111,91
9/8/2020,1,3,36,2923,121,94
9/9/2020,1,3,39,2778,104,91
9/10/2020,1,3,43,2519,127,98
9/11/2020,1,3,37,2845,122,97
9/12/2020,1,3,60,2694,123,93
9/13/2020,1,3,47,3030,124,97
9/14/2020,1,3,26,2556,115,97
9/15/2020,1,3,25,2663,108,92
9/16/2020,1,3,36,3048,109,97
9/17/2020,1,3,44,2828,115,98
9/18/2020,1,3,26,3372,106,98
9/19/2020,1,3,38,2699,106,94
9/20/2020,1,3,42,3002,106,98
9/21/2020,1,3,36,2516,126,92
9/22/2020,1,3,36,3051,124,96
9/23/2020,1,3,29,3146,120,96
9/24/2020,1,3,37,3336,112,91
9/25/2020,1,3,43,2850,106,92
9/26/2020,1,3,43,3007,105,91
9/27/2020,1,3,55,3115,106,94
9/28/2020,1,3,27,2782,118,95
9/29/2020,1,3,39,2825,114,97
9/30/2020,1,3,33,2731,126,98
10/1/2020,1,3,26,3147,109,98
10/2/2020,1,3,21,2824,110,97
10/3/2020,1,3,40,3110,114,97
10/4/2020,1,3,41,2569,126,93
10/5/2020,1,3,31,2938,106,96
10/6/2020,1,3,31,2521,110,92
10/7/2020,1,3,34,2636,127,97
10/8/2020,1,3,34,2667,109,93
10/9/2020,1,3,32,3101,118,98
10/10/2020,1,3,37,3111,127,93
10/11/2020,1,3,35,2593,116,98
10/12/2020,1,3,28,3285,123,93
10/13/2020,1,3,44,2949,115,93
10/14/2020,1,3,30,3228,124,96
10/15/2020,1,3,26,3184,110,94
10/16/2020,1,3,24,2929,119,93
10/17/2020,1,3,32,2913,109,96
10/18/2020,1,3,36,3084,116,92
10/19/2020,1,3,32,2830,114,93
10/20/2020,1,3,31,3198,115,91
10/21/2020,1,3,36,2957,108,93
10/22/2020,1,3,39,3223,111,91
10/23/2020,1,3,33,3481,125,93
10/24/2020,1,3,32,3457,122,91
10/25/2020,1,3,39,2725,115,98
10/26/2020,1,3,30,2685,110,96
10/27/2020,1,3,40,2887,117,93
10/28/2020,1,3,38,3357,127,97
10/29/2020,1,3,38,2727,110,97
10/30/2020,1,3,37,3425,113,92
10/31/2020,1,3,34,3157,118,92
11/1/2020,1,3,46,2938,111,95
11/2/2020,1,3,22,2537,101,97
11/3/2020,1,3,28,3498,105,95
11/4/2020,1,3,25,2829,128,93
11/5/2020,1,3,37,2911,118,95
11/6/2020,1,3,37,3217,101,97
11/7/2020,1,3,39,3489,114,93
11/8/2020,1,3,47,2640,116,92
11/9/2020,1,3,27,2616,102,96
11/10/2020,1,3,22,2642,121,98
11/11/2020,1,3,42,3031,105,92
11/12/2020,1,3,42,3340,111,95
11/13/2020,1,3,32,2935,109,95
11/14/2020,1,3,43,3280,105,94
11/15/2020,1,3,43,3146,114,93
11/16/2020,1,3,30,3023,114,98
11/17/2020,1,3,34,2589,113,96
11/18/2020,1,3,36,2962,105,92
11/19/2020,1,3,29,2860,106,91
11/20/2020,1,3,43,3133,116,92
11/21/2020,1,3,36,2958,113,98
11/22/2020,1,3,43,3129,101,94
11/23/2020,1,3,25,3203,124,93
11/24/2020,1,3,27,3123,112,93
11/25/2020,1,3,32,2953,107,98
11/26/2020,1,3,38,2587,111,98
11/27/2020,1,3,32,3117,123,98
11/28/2020,1,3,41,3281,108,98
11/29/2020,1,3,49,3129,118,93
11/30/2020,1,3,32,3002,103,97
12/1/2020,1,3,15,3352,122,91
12/2/2020,1,3,22,3080,123,92
12/3/2020,1,3,12,3467,112,93
12/4/2020,1,3,23,2543,106,91
12/5/2020,1,3,33,2909,106,98
12/6/2020,1,3,40,3141,106,96
12/7/2020,1,3,20,2784,126,93
12/8/2020,1,3,24,2699,111,98
12/9/2020,1,3,19,2529,120,91
12/10/2020,1,3,30,2837,120,91
12/11/2020,1,3,25,3489,109,94
12/12/2020,1,3,34,2596,117,94
12/13/2020,1,3,39,3130,102,98
12/14/2020,1,3,22,2940,122,91
12/15/2020,1,3,24,2525,114,95
12/16/2020,1,3,26,3364,112,91
12/17/2020,1,3,23,3473,122,97
12/18/2020,1,3,36,3495,101,92
12/19/2020,1,3,24,3113,118,91
12/20/2020,1,3,22,2699,114,98
12/21/2020,1,3,18,3309,103,92
12/22/2020,1,3,29,2610,109,93
12/23/2020,1,3,22,2881,107,97
12/24/2020,1,3,32,2891,108,95
12/25/2020,1,3,20,3147,107,97
12/26/2020,1,3,23,2720,114,95
12/27/2020,1,3,19,2722,109,95
12/28/2020,1,3,8,3414,115,95
12/29/2020,1,3,28,2741,120,95
12/30/2020,1,3,21,2892,118,97
12/31/2020,1,3,17,3317,105,97
1/1/2021,1,3,23,2773,128,92
1/2/2021,1,3,22,3169,104,92
1/3/2021,1,3,31,2933,104,91
1/4/2021,1,3,23,2634,114,96
1/5/2021,1,3,18,2942,126,91
1/6/2021,1,3,20,2915,126,98
1/7/2021,1,3,24,3108,122,96
1/8/2021,1,3,40,3453,109,95
1/9/2021,1,3,31,2917,127,93
1/10/2021,1,3,35,3156,116,98
1/11/2021,1,3,15,3297,113,92
1/12/2021,1,3,34,3382,101,93
1/13/2021,1,3,24,3230,118,95
1/14/2021,1,3,27,3452,104,95
1/15/2021,1,3,27,2781,125,96
1/16/2021,1,3,27,3326,112,91
1/17/2021,1,3,31,2550,111,97
1/18/2021,1,3,22,3456,105,91
1/19/2021,1,3,21,2963,127,96
1/20/2021,1,3,20,3448,103,96
1/21/2021,1,3,22,3342,116,94
1/22/2021,1,3,29,2964,118,93
1/23/2021,1,3,32,3456,112,96
1/24/2021,1,3,31,3386,127,93
1/25/2021,1,3,21,3292,120,92
1/26/2021,1,3,18,3291,111,98
1/27/2021,1,3,21,3266,121,98
1/28/2021,1,3,22,2778,105,95
1/29/2021,1,3,26,3083,120,98
1/30/2021,1,3,27,3124,113,98
1/31/2021,1,3,31,3454,102,91
2/1/2021,1,3,14,2682,120,96
2/2/2021,1,3,28,3386,101,97
2/3/2021,1,3,26,3352,124,95
2/4/2021,1,3,27,2882,122,92
2/5/2021,1,3,32,2624,102,91
2/6/2021,1,3,34,2949,127,96
2/7/2021,1,3,33,3146,121,96
2/8/2021,1,3,22,3463,103,95
2/9/2021,1,3,35,2583,111,95
2/10/2021,1,3,33,2918,108,95
2/11/2021,1,3,27,3386,128,98
2/12/2021,1,3,24,3445,108,97
2/13/2021,1,3,33,2892,110,96
2/14/2021,1,3,30,2609,102,95
2/15/2021,1,3,18,2649,119,93
2/16/2021,1,3,30,2634,101,95
2/17/2021,1,3,22,2678,127,92
2/18/2021,1,3,25,2756,120,94
2/19/2021,1,3,27,2782,124,93
2/20/2021,1,3,27,2804,123,98
2/21/2021,1,3,37,2597,115,92
2/22/2021,1,3,27,2891,119,98
2/23/2021,1,3,28,2501,116,91
2/24/2021,1,3,32,3391,105,98
2/25/2021,1,3,20,3351,116,97
2/26/2021,1,3,27,3085,122,96
2/27/2021,1,3,21,2616,118,92
2/28/2021,1,3,32,2874,109,94
2/29/2021,1,3,20,2865,108,92
3/1/2021,1,3,32,3106,113,98
3/2/2021,1,3,22,3381,117,95
3/3/2021,1,3,40,2909,113,96
3/4/2021,1,3,36,3436,126,97
3/5/2021,1,3,43,2856,118,97
3/6/2021,1,3,35,3163,101,93
3/7/2021,1,3,26,3170,102,92
3/8/2021,1,3,34,2526,115,91
3/9/2021,1,3,38,3319,110,95
3/10/2021,1,3,46,2645,102,96
3/11/2021,1,3,26,3312,109,93
3/12/2021,1,3,38,3486,128,96
3/13/2021,1,3,34,3160,120,96
3/14/2021,1,3,18,3409,113,93
3/15/2021,1,3,24,2737,101,92
3/16/2021,1,3,28,2589,101,92
3/17/2021,1,3,24,2672,119,95
3/18/2021,1,3,37,3421,101,95
3/19/2021,1,3,44,3134,118,96
3/20/2021,1,3,39,2979,118,97
3/21/2021,1,3,21,3280,116,94
3/22/2021,1,3,25,3130,111,97
3/23/2021,1,3,36,2754,116,92
3/24/2021,1,3,30,2678,126,94
3/25/2021,1,3,44,3071,109,97
3/26/2021,1,3,37,2955,117,91
3/27/2021,1,3,37,2729,117,91
3/28/2021,1,3,27,3111,107,96
3/29/2021,1,3,30,3140,113,96
3/30/2021,1,3,21,2510,122,98
3/31/2021,1,3,29,3368,105,92
4/1/2021,1,3,40,2885,122,96
4/2/2021,1,3,28,2893,120,93
4/3/2021,1,3,43,2927,105,97
4/4/2021,1,3,36,3335,128,91
4/5/2021,1,3,32,3363,117,95
4/6/2021,1,3,35,2823,124,93
4/7/2021,1,3,40,2625,127,93
4/8/2021,1,3,50,3349,108,93
4/9/2021,1,3,36,3259,117,92
4/10/2021,1,3,67,3353,120,96
4/11/2021,1,3,33,3092,105,98
4/12/2021,1,3,29,2750,118,91
4/13/2021,1,3,28,2991,109,91
4/14/2021,1,3,38,3131,113,94
4/15/2021,1,3,34,3267,101,97
4/16/2021,1,3,48,3364,105,91
4/17/2021,1,3,39,3127,101,97
4/18/2021,1,3,26,3144,101,91
4/19/2021,1,3,23,3454,108,93
4/20/2021,1,3,43,2623,110,93
4/21/2021,1,3,43,2975,127,93
4/22/2021,1,3,35,2750,103,97
4/23/2021,1,3,44,3268,112,92
4/24/2021,1,3,43,2727,115,93
4/25/2021,1,3,34,2681,117,98
4/26/2021,1,3,32,2874,101,94
4/27/2021,1,3,31,3465,125,97
4/28/2021,1,3,34,3086,120,91
4/29/2021,1,3,32,2713,110,92
4/30/2021,1,3,37,3030,120,97
5/1/2021,1,3,53,2565,120,98
5/2/2021,1,3,30,2958,106,95
5/3/2021,1,3,35,2754,117,94
5/4/2021,1,3,37,3324,121,97
5/5/2021,1,3,59,2951,123,94
5/6/2021,1,3,50,2825,128,92
5/7/2021,1,3,54,3005,118,98
5/8/2021,1,3,49,3140,121,98
5/9/2021,1,3,40,2714,118,94
5/10/2021,1,3,35,2756,127,97
5/11/2021,1,3,39,2580,123,97
5/12/2021,1,3,39,3371,106,98
5/13/2021,1,3,44,2577,101,95
5/14/2021,1,3,32,3227,120,96
5/15/2021,1,3,46,3332,125,97
5/16/2021,1,3,36,2642,114,96
5/17/2021,1,3,34,3446,128,97
5/18/2021,1,3,43,2629,115,92
5/19/2021,1,3,44,3109,115,94
5/20/2021,1,3,46,3276,111,97
5/21/2021,1,3,51,3191,122,91
5/22/2021,1,3,43,3355,109,98
5/23/2021,1,3,36,2627,122,92
5/24/2021,1,3,34,3294,103,91
5/25/2021,1,3,39,2766,104,95
5/26/2021,1,3,52,2718,117,98
5/27/2021,1,3,34,3477,102,96
5/28/2021,1,3,55,3351,115,91
5/29/2021,1,3,33,2834,114,93
5/30/2021,1,3,36,2846,116,98
5/31/2021,1,3,39,3213,109,96
6/1/2021,1,3,40,3331,106,92
6/2/2021,1,3,48,3415,128,96
6/3/2021,1,3,40,3454,121,95
6/4/2021,1,3,57,3215,119,95
6/5/2021,1,3,48,2531,109,92
6/6/2021,1,3,19,3337,121,92
6/7/2021,1,3,43,2671,111,95
6/8/2021,1,3,36,2639,105,97
6/9/2021,1,3,32,2718,102,93
6/10/2021,1,3,50,3475,114,96
6/11/2021,1,3,36,3157,110,91
6/12/2021,1,3,59,2596,128,96
6/13/2021,1,3,38,2993,102,93
6/14/2021,1,3,43,3426,105,94
6/15/2021,1,3,52,2786,125,92
6/16/2021,1,3,37,3259,102,93
6/17/2021,1,3,50,2802,105,97
6/18/2021,1,3,47,3137,110,92
6/19/2021,1,3,46,2663,118,96
6/20/2021,1,3,35,2839,118,95
6/21/2021,1,3,40,3485,107,93
6/22/2021,1,3,34,3184,118,94
6/23/2021,1,3,46,3325,102,94
6/24/2021,1,3,43,3238,106,96
6/25/2021,1,3,42,3084,125,95
6/26/2021,1,3,57,2641,124,97
6/27/2021,1,3,24,3086,119,98
6/28/2021,1,3,40,3416,103,96
6/29/2021,1,3,38,3046,116,92
6/30/2021,1,3,56,3071,125,91
7/1/2021,1,3,51,2691,118,94
7/2/2021,1,3,35,3157,127,95
7/3/2021,1,3,54,2733,119,91
7/4/2021,1,3,35,3022,120,94
7/5/2021,1,3,53,3154,108,96
7/6/2021,1,3,40,3392,117,97
7/7/2021,1,3,41,2938,113,93
7/8/2021,1,3,31,2635,124,95
7/9/2021,1,3,55,2978,105,94
7/10/2021,1,3,54,2789,114,96
7/11/2021,1,3,41,3163,113,96
7/12/2021,1,3,41,2658,117,92
7/13/2021,1,3,39,3138,112,98
7/14/2021,1,3,57,2528,102,97
7/15/2021,1,3,47,3356,104,97
7/16/2021,1,3,50,3184,108,94
7/17/2021,1,3,60,3334,101,95
7/18/2021,1,3,44,3103,128,96
7/19/2021,1,3,43,3037,113,92
7/20/2021,1,3,46,3224,104,94
7/21/2021,1,3,45,3104,128,96
7/22/2021,1,3,51,2750,109,91
7/23/2021,1,3,49,3307,126,97
7/24/2021,1,3,70,3309,128,96
7/25/2021,1,3,39,2726,123,93
7/26/2021,1,3,35,2774,121,92
7/27/2021,1,3,37,3130,107,92
7/28/2021,1,3,55,2905,122,98
7/29/2021,1,3,45,2549,108,93
7/30/2021,1,3,50,2549,107,92
7/31/2021,1,3,50,3036,123,96
8/1/2021,1,3,17,3436,102,91
8/2/2021,1,3,35,3337,112,91
8/3/2021,1,3,36,3312,113,98
8/4/2021,1,3,35,3018,118,94
8/5/2021,1,3,36,3219,101,92
8/6/2021,1,3,46,2725,124,95
8/7/2021,1,3,38,3332,101,95
8/8/2021,1,3,36,3049,118,97
8/9/2021,1,3,50,3173,128,96
8/10/2021,1,3,26,3141,127,95
8/11/2021,1,3,37,2805,102,92
8/12/2021,1,3,48,3224,112,91
8/13/2021,1,3,52,2765,104,93
8/14/2021,1,3,46,3304,117,93
8/15/2021,1,3,31,2732,109,94
8/16/2021,1,3,35,2625,128,95
8/17/2021,1,3,36,3373,105,97
8/18/2021,1,3,36,2810,115,95
8/19/2021,1,3,41,2850,104,93
8/20/2021,1,3,48,2623,128,94
8/21/2021,1,3,38,2587,125,98
8/22/2021,1,3,30,2797,112,96
8/23/2021,1,3,36,3385,106,93
8/24/2021,1,3,46,3215,125,97
8/25/2021,1,3,43,2560,108,95
8/26/2021,1,3,47,2603,128,92
8/27/2021,1,3,40,3005,102,94
8/28/2021,1,3,43,3153,110,91
8/29/2021,1,3,41,2615,105,97
8/30/2021,1,3,25,2565,103,94
8/31/2021,1,3,43,2628,105,91
9/1/2021,1,3,31,3251,123,92
9/2/2021,1,3,39,3321,105,97
9/3/2021,1,3,48,3180,127,94
9/4/2021,1,3,49,3315,118,92
9/5/2021,1,3,30,3439,122,95
9/6/2021,1,3,35,3460,121,93
9/7/2021,1,3,33,3471,117,93
9/8/2021,1,3,37,2810,127,96
9/9/2021,1,3,49,3393,124,98
9/10/2021,1,3,41,2749,126,92
9/11/2021,1,3,42,2800,118,95
9/12/2021,1,3,34,3249,101,96
9/13/2021,1,3,31,3445,124,92
9/14/2021,1,3,41,2848,117,92
9/15/2021,1,3,39,3030,118,96
9/16/2021,1,3,58,3229,106,93
9/17/2021,1,3,36,3184,118,98
9/18/2021,1,3,45,2951,110,95
9/19/2021,1,3,29,3411,114,96
9/20/2021,1,3,42,3166,115,92
9/21/2021,1,3,34,2626,117,98
9/22/2021,1,3,41,2661,103,94
9/23/2021,1,3,36,3434,119,95
9/24/2021,1,3,44,2609,120,93
9/25/2021,1,3,41,3095,114,91
9/26/2021,1,3,38,2698,109,94
9/27/2021,1,3,31,3473,111,96
9/28/2021,1,3,30,2965,123,96
9/29/2021,1,3,36,3476,102,92
9/30/2021,1,3,43,3165,101,91
10/1/2021,1,3,38,2642,127,94
10/2/2021,1,3,48,2710,126,93
10/3/2021,1,3,30,2676,105,95
10/4/2021,1,3,24,2926,120,97
10/5/2021,1,3,21,2623,124,94
10/6/2021,1,3,42,2669,108,97
10/7/2021,1,3,39,3096,128,96
10/8/2021,1,3,35,3439,125,91
10/9/2021,1,3,40,3439,125,94
10/10/2021,1,3,30,2526,113,96
10/11/2021,1,3,32,2819,123,94
10/12/2021,1,3,39,3365,126,93
10/13/2021,1,3,31,3484,103,92
10/14/2021,1,3,30,2884,106,93
10/15/2021,1,3,42,2641,112,92
10/16/2021,1,3,48,2826,123,91
10/17/2021,1,3,30,2663,121,91
10/18/2021,1,3,27,2527,107,97
10/19/2021,1,3,31,2938,119,98
10/20/2021,1,3,35,3196,122,95
10/21/2021,1,3,28,2631,114,92
10/22/2021,1,3,41,3302,123,93
10/23/2021,1,3,43,3346,117,93
10/24/2021,1,3,26,2616,112,96
10/25/2021,1,3,32,2967,124,93
10/26/2021,1,3,30,2661,103,96
10/27/2021,1,3,29,3043,128,98
10/28/2021,1,3,37,3166,111,97
10/29/2021,1,3,42,2576,113,93
10/30/2021,1,3,44,3090,110,92
10/31/2021,1,3,32,3460,115,94
11/1/2021,1,3,40,2803,125,91
11/2/2021,1,3,29,3390,116,94
11/3/2021,1,3,41,3279,115,98
11/4/2021,1,3,45,3186,119,91
11/5/2021,1,3,35,2629,103,93
11/6/2021,1,3,44,2869,124,93
11/7/2021,1,3,22,3113,113,96
11/8/2021,1,3,31,2618,120,98
11/9/2021,1,3,36,2526,108,95
11/10/2021,1,3,37,2857,104,96
11/11/2021,1,3,39,2874,108,93
11/12/2021,1,3,43,3492,116,98
11/13/2021,1,3,56,2855,117,98
11/14/2021,1,3,26,3050,116,97
11/15/2021,1,3,39,2628,110,92
11/16/2021,1,3,29,3306,113,93
11/17/2021,1,3,36,3091,117,98
11/18/2021,1,3,38,2581,120,95
11/19/2021,1,3,44,3329,101,91
11/20/2021,1,3,53,3279,101,94
11/21/2021,1,3,27,3062,119,96
11/22/2021,1,3,46,2917,117,92
11/23/2021,1,3,40,2622,123,98
11/24/2021,1,3,37,2816,118,96
11/25/2021,1,3,40,3367,128,95
11/26/2021,1,3,50,2642,107,91
11/27/2021,1,3,38,3417,115,96
11/28/2021,1,3,21,2719,126,94
11/29/2021,1,3,44,3158,128,95
11/30/2021,1,3,28,2807,114,92
12/1/2021,1,3,20,2808,123,91
12/2/2021,1,3,28,3076,120,97
12/3/2021,1,3,25,2706,124,92
12/4/2021,1,3,36,3458,105,92
12/5/2021,1,3,19,3015,116,93
12/6/2021,1,3,28,2673,104,93
12/7/2021,1,3,28,3305,105,94
12/8/2021,1,3,23,2714,113,92
12/9/2021,1,3,38,3078,104,92
12/10/2021,1,3,37,3492,125,91
12/11/2021,1,3,33,2844,125,94
12/12/2021,1,3,18,2563,116,96
12/13/2021,1,3,31,3270,109,96
12/14/2021,1,3,21,3036,118,91
12/15/2021,1,3,22,2816,103,98
12/16/2021,1,3,25,3227,122,91
12/17/2021,1,3,23,2818,112,97
12/18/2021,1,3,25,3010,107,94
12/19/2021,1,3,21,3441,118,96
12/20/2021,1,3,24,2894,102,98
12/21/2021,1,3,26,2759,103,95
12/22/2021,1,3,24,3309,105,95
12/23/2021,1,3,26,2601,125,94
12/24/2021,1,3,37,2686,124,92
12/25/2021,1,3,38,3280,124,95
12/26/2021,1,3,23,2503,104,97
12/27/2021,1,3,29,3142,103,98
12/28/2021,1,3,22,3147,126,94
12/29/2021,1,3,26,2970,106,98
12/30/2021,1,3,26,3474,128,97
12/31/2021,1,3,29,3372,125,93
1/1/2022,1,3,36,3283,126,96
1/2/2022,1,3,23,2929,102,98
1/3/2022,1,3,20,3273,125,91
1/4/2022,1,3,23,2891,120,95
1/5/2022,1,3,25,3385,102,92
1/6/2022,1,3,23,3109,126,96
1/7/2022,1,3,26,2565,125,95
1/8/2022,1,3,32,2648,124,93
1/9/2022,1,3,23,2695,109,95
1/10/2022,1,3,17,2600,115,91
1/11/2022,1,3,15,2957,101,98
1/12/2022,1,3,37,3406,101,93
1/13/2022,1,3,31,2818,122,96
1/14/2022,1,3,30,3339,119,91
1/15/2022,1,3,22,2887,118,96
1/16/2022,1,3,19,3456,125,97
1/17/2022,1,3,20,3005,113,98
1/18/2022,1,3,34,2619,107,93
1/19/2022,1,3,22,2944,126,95
1/20/2022,1,3,26,2530,124,94
1/21/2022,1,3,33,3382,116,93
1/22/2022,1,3,33,2780,128,96
1/23/2022,1,3,17,3238,110,95
1/24/2022,1,3,19,3015,128,98
1/25/2022,1,3,25,3320,114,95
1/26/2022,1,3,17,3338,113,92
1/27/2022,1,3,28,3069,124,91
1/28/2022,1,3,30,3305,117,92
1/29/2022,1,3,27,3133,128,94
1/30/2022,1,3,27,2811,109,95
1/31/2022,1,3,28,3046,110,96
2/1/2022,1,3,25,2892,113,96
2/2/2022,1,3,20,3292,101,91
2/3/2022,1,3,31,2604,123,91
2/4/2022,1,3,19,3279,109,97
2/5/2022,1,3,38,3328,117,96
2/6/2022,1,3,23,2831,117,91
2/7/2022,1,3,27,2982,103,91
2/8/2022,1,3,20,3485,128,95
2/9/2022,1,3,30,3322,125,94
2/10/2022,1,3,37,2584,107,93
2/11/2022,1,3,23,3255,123,92
2/12/2022,1,3,31,2701,111,96
2/13/2022,1,3,28,3111,103,92
2/14/2022,1,3,19,2658,113,95
2/15/2022,1,3,22,2722,116,94
2/16/2022,1,3,33,2979,102,94
2/17/2022,1,3,29,2844,116,93
2/18/2022,1,3,39,2627,113,96
2/19/2022,1,3,34,2947,114,95
2/20/2022,1,3,24,2532,104,93
2/21/2022,1,3,29,3140,106,98
2/22/2022,1,3,25,2668,118,93
2/23/2022,1,3,19,2550,127,95
2/24/2022,1,3,35,2778,117,95
2/25/2022,1,3,29,2921,120,94
2/26/2022,1,3,32,3041,125,92
2/27/2022,1,3,25,2589,116,93
2/28/2022,1,3,31,3278,113,92
3/1/2022,1,3,40,2549,106,93
3/2/2022,1,3,34,2586,109,97
3/3/2022,1,3,32,3014,103,97
3/4/2022,1,3,32,2650,114,91
3/5/2022,1,3,41,2828,111,91
3/6/2022,1,3,19,3405,125,94
3/7/2022,1,3,30,2643,128,94
3/8/2022,1,3,35,2698,111,96
3/9/2022,1,3,27,2607,114,95
3/10/2022,1,3,36,3202,103,91
3/11/2022,1,3,35,2815,128,91
3/12/2022,1,3,34,2826,118,93
3/13/2022,1,3,28,3323,119,93
3/14/2022,1,3,34,3500,124,94
3/15/2022,1,3,37,3206,118,94
3/16/2022,1,3,33,2713,106,92
3/17/2022,1,3,28,2747,105,93
3/18/2022,1,3,36,3123,117,96
3/19/2022,1,3,48,3428,128,91
3/20/2022,1,3,22,3087,111,98
3/21/2022,1,3,32,2876,113,95
3/22/2022,1,3,20,2957,103,92
3/23/2022,1,3,33,3486,109,93
3/24/2022,1,3,39,2561,108,95
3/25/2022,1,3,41,2861,102,91
3/26/2022,1,3,44,2847,110,98
3/27/2022,1,3,32,3307,124,94
3/28/2022,1,3,29,2712,124,96
3/29/2022,1,3,28,3416,118,94
3/30/2022,1,3,28,2836,121,92
3/31/2022,1,3,36,2857,119,97
4/1/2022,1,3,40,2733,114,92
4/2/2022,1,3,43,2543,125,93
4/3/2022,1,3,33,2603,112,92
4/4/2022,1,3,32,2504,113,97
4/5/2022,1,3,42,3269,125,96
4/6/2022,1,3,40,2927,112,92
4/7/2022,1,3,45,2740,121,95
4/8/2022,1,3,32,3206,114,94
4/9/2022,1,3,42,2751,127,94
4/10/2022,1,3,31,2776,127,93
4/11/2022,1,3,34,3394,101,96
4/12/2022,1,3,43,3269,121,98
4/13/2022,1,3,39,3216,111,98
4/14/2022,1,3,43,2584,110,91
4/15/2022,1,3,49,2870,127,91
4/16/2022,1,3,49,2714,108,94
4/17/2022,1,3,40,2815,124,92
4/18/2022,1,3,27,2776,114,98
4/19/2022,1,3,38,2698,124,93
4/20/2022,1,3,41,2761,115,92
4/21/2022,1,3,37,3116,125,92
4/22/2022,1,3,44,3281,118,93
4/23/2022,1,3,43,3152,108,93
4/24/2022,1,3,39,3186,106,93
4/25/2022,1,3,52,3244,101,96
4/26/2022,1,3,39,3085,119,97
4/27/2022,1,3,41,3264,117,97
4/28/2022,1,3,39,2832,124,94
4/29/2022,1,3,44,2559,111,93
4/30/2022,1,3,46,3072,110,92
5/1/2022,1,3,25,2584,127,91
5/2/2022,1,3,45,3141,121,98
5/3/2022,1,3,49,3205,126,92
5/4/2022,1,3,43,2601,105,93
5/5/2022,1,3,51,2539,102,96
5/6/2022,1,3,44,2541,120,96
5/7/2022,1,3,66,3270,115,98
5/8/2022,1,3,36,2725,101,98
5/9/2022,1,3,31,2679,122,95
5/10/2022,1,3,44,2968,106,93
5/11/2022,1,3,34,2930,122,95
5/12/2022,1,3,39,2655,112,97
5/13/2022,1,3,59,2990,121,94
5/14/2022,1,3,47,3006,127,98
5/15/2022,1,3,33,2898,119,92
5/16/2022,1,3,38,2676,124,96
5/17/2022,1,3,41,3461,114,94
5/18/2022,1,3,38,3205,112,97
5/19/2022,1,3,48,2750,104,91
5/20/2022,1,3,54,3137,128,94
5/21/2022,1,3,49,2869,121,94
5/22/2022,1,3,33,3420,115,97
5/23/2022,1,3,41,2810,122,95
5/24/2022,1,3,40,2627,117,95
5/25/2022,1,3,37,3185,117,92
5/26/2022,1,3,65,2557,122,98
5/27/2022,1,3,59,2724,118,91
5/28/2022,1,3,62,2559,127,95
5/29/2022,1,3,37,2949,125,98
5/30/2022,1,3,44,3446,102,91
5/31/2022,1,3,55,2910,117,97
6/1/2022,1,3,57,2565,113,92
6/2/2022,1,3,54,2942,125,97
6/3/2022,1,3,37,3040,102,98
6/4/2022,1,3,54,2686,114,95
6/5/2022,1,3,48,2797,113,94
6/6/2022,1,3,41,2652,117,91
6/7/2022,1,3,42,2504,107,93
6/8/2022,1,3,53,3245,109,93
6/9/2022,1,3,49,3485,124,98
6/10/2022,1,3,44,3078,127,94
6/11/2022,1,3,46,3134,104,92
6/12/2022,1,3,44,2512,117,95
6/13/2022,1,3,34,2999,115,96
6/14/2022,1,3,48,2795,123,96
6/15/2022,1,3,49,3240,107,92
6/16/2022,1,3,50,2694,124,98
6/17/2022,1,3,67,3396,116,98
6/18/2022,1,3,57,3153,116,91
6/19/2022,1,3,30,3174,114,94
6/20/2022,1,3,44,2661,106,91
6/21/2022,1,3,47,3482,111,92
6/22/2022,1,3,31,2965,109,93
6/23/2022,1,3,45,3425,119,91
6/24/2022,1,3,51,3134,105,97
6/25/2022,1,3,52,2887,115,92
6/26/2022,1,3,23,3215,112,93
6/27/2022,1,3,39,3023,115,93
6/28/2022,1,3,40,2745,108,98
6/29/2022,1,3,35,2989,109,95
6/30/2022,1,3,45,2559,124,98
7/1/2022,1,3,41,3049,111,98
7/2/2022,1,3,58,3236,111,91
7/3/2022,1,3,36,2675,123,98
7/4/2022,1,3,47,3422,123,95
7/5/2022,1,3,41,2950,123,93
7/6/2022,1,3,43,2640,106,93
7/7/2022,1,3,49,3500,110,92
7/8/2022,1,3,57,3358,105,97
7/9/2022,1,3,59,2676,119,97
7/10/2022,1,3,43,3483,106,93
7/11/2022,1,3,33,2777,125,95
7/12/2022,1,3,48,3121,115,98
7/13/2022,1,3,54,2648,113,98
7/14/2022,1,3,65,2534,108,96
7/15/2022,1,3,47,3397,118,94
7/16/2022,1,3,69,2760,122,97
7/17/2022,1,3,46,2655,121,95
7/18/2022,1,3,43,3180,107,91
7/19/2022,1,3,40,3389,119,97
7/20/2022,1,3,41,2905,106,98
7/21/2022,1,3,59,2851,103,98
7/22/2022,1,3,43,3061,123,98
7/23/2022,1,3,68,3485,106,97
7/24/2022,1,3,46,3041,126,91
7/25/2022,1,3,39,3290,109,95
7/26/2022,1,3,37,2982,121,91
7/27/2022,1,3,41,2759,121,91
7/28/2022,1,3,60,3077,120,91
7/29/2022,1,3,55,2868,101,91
7/30/2022,1,3,56,2660,112,95
7/31/2022,1,3,37,2679,113,98
8/1/2022,1,3,43,3447,124,93
8/2/2022,1,3,31,3334,101,93
8/3/2022,1,3,37,3472,125,93
8/4/2022,1,3,29,3335,121,95
8/5/2022,1,3,68,3290,121,96
8/6/2022,1,3,46,2827,126,97
8/7/2022,1,3,36,2562,120,96
8/8/2022,1,3,35,2944,112,98
8/9/2022,1,3,26,2793,103,92
8/10/2022,1,3,42,2795,113,95
8/11/2022,1,3,41,3162,123,94
8/12/2022,1,3,42,3290,119,96
8/13/2022,1,3,61,3044,101,92
8/14/2022,1,3,33,3197,124,94
8/15/2022,1,3,38,2785,101,97
8/16/2022,1,3,32,2568,104,91
8/17/2022,1,3,29,3119,115,95
8/18/2022,1,3,39,3388,120,93
8/19/2022,1,3,47,3029,106,93
8/20/2022,1,3,59,2619,120,98
8/21/2022,1,3,50,2533,113,97
8/22/2022,1,3,45,2773,104,96
8/23/2022,1,3,48,3458,101,98
8/24/2022,1,3,45,2943,120,98
8/25/2022,1,3,46,2757,108,94
8/26/2022,1,3,51,2947,110,93
8/27/2022,1,3,52,3023,103,97
8/28/2022,1,3,21,2946,125,98
8/29/2022,1,3,40,2543,105,96
8/30/2022,1,3,29,2924,127,92
8/31/2022,1,3,37,2715,118,94
9/1/2022,1,3,41,2912,117,91
9/2/2022,1,3,47,3085,102,96
9/3/2022,1,3,41,2905,123,93
9/4/2022,1,3,40,3413,112,97
9/5/2022,1,3,43,2634,126,94
9/6/2022,1,3,51,3012,116,92
9/7/2022,1,3,44,2518,126,93
9/8/2022,1,3,46,3245,122,94
9/9/2022,1,3,36,3350,105,96
9/10/2022,1,3,36,3017,110,93
9/11/2022,1,3,29,3397,108,96
9/12/2022,1,3,30,2721,111,92
9/13/2022,1,3,34,2900,112,98
9/14/2022,1,3,41,2674,124,97
9/15/2022,1,3,45,3187,103,92
9/16/2022,1,3,41,3299,119,93
9/17/2022,1,3,49,2601,104,98
9/18/2022,1,3,42,3246,128,93
9/19/2022,1,3,32,3496,103,93
9/20/2022,1,3,28,3349,124,98
9/21/2022,1,3,34,2523,128,95
9/22/2022,1,3,46,2863,116,98
9/23/2022,1,3,52,3477,107,92
9/24/2022,1,3,47,3363,103,98
9/25/2022,1,3,26,2815,103,93
9/26/2022,1,3,38,2918,111,92
9/27/2022,1,3,41,3410,101,93
9/28/2022,1,3,37,3219,103,98
9/29/2022,1,3,35,3423,118,94
9/30/2022,1,3,48,2795,110,98
10/1/2022,1,3,38,2858,124,95
10/2/2022,1,3,32,2684,118,98
10/3/2022,1,3,28,3470,104,93
10/4/2022,1,3,34,2893,116,92
10/5/2022,1,3,40,3332,101,98
10/6/2022,1,3,34,2751,107,93
10/7/2022,1,3,34,2898,112,98
10/8/2022,1,3,47,2558,117,91
10/9/2022,1,3,18,2625,126,93
10/10/2022,1,3,35,2763,118,95
10/11/2022,1,3,39,3233,111,91
10/12/2022,1,3,29,2625,101,98
10/13/2022,1,3,33,3046,117,91
10/14/2022,1,3,42,2693,107,94
10/15/2022,1,3,49,3030,121,94
10/16/2022,1,3,31,2901,113,98
10/17/2022,1,3,37,2529,108,91
10/18/2022,1,3,40,3344,101,96
10/19/2022,1,3,38,3390,116,91
10/20/2022,1,3,41,3481,128,94
10/21/2022,1,3,45,3215,101,92
10/22/2022,1,3,31,3214,110,93
10/23/2022,1,3,30,3203,104,96
10/24/2022,1,3,43,3470,118,95
10/25/2022,1,3,32,2809,123,95
10/26/2022,1,3,35,3350,106,98
10/27/2022,1,3,38,3466,115,94
10/28/2022,1,3,43,3171,118,91
10/29/2022,1,3,31,3270,109,95
10/30/2022,1,3,27,2514,107,92
10/31/2022,1,3,26,2971,124,91
11/1/2022,1,3,50,3255,104,92
11/2/2022,1,3,41,3486,113,95
11/3/2022,1,3,43,3165,107,95
11/4/2022,1,3,41,3331,118,94
11/5/2022,1,3,51,3224,101,98
11/6/2022,1,3,43,3468,119,96
11/7/2022,1,3,37,3032,106,95
11/8/2022,1,3,31,3435,126,96
11/9/2022,1,3,37,2942,111,93
11/10/2022,1,3,23,3409,119,97
11/11/2022,1,3,39,3187,109,93
11/12/2022,1,3,53,3293,118,92
11/13/2022,1,3,35,2774,120,95
11/14/2022,1,3,29,2903,115,92
11/15/2022,1,3,37,3114,122,93
11/16/2022,1,3,38,2639,124,94
11/17/2022,1,3,35,2926,102,95
11/18/2022,1,3,43,3098,127,97
11/19/2022,1,3,43,2856,117,92
11/20/2022,1,3,36,3485,107,93
11/21/2022,1,3,40,3372,101,94
11/22/2022,1,3,38,3365,127,96
11/23/2022,1,3,40,3438,102,95
11/24/2022,1,3,37,2575,125,95
11/25/2022,1,3,41,2783,101,95
11/26/2022,1,3,43,3158,128,94
11/27/2022,1,3,23,3418,116,94
11/28/2022,1,3,36,3064,116,98
11/29/2022,1,3,42,3362,127,96
11/30/2022,1,3,31,3203,109,91
12/1/2022,1,3,30,2848,117,95
12/2/2022,1,3,31,3456,116,95
12/3/2022,1,3,34,2960,126,97
12/4/2022,1,3,21,3352,125,92
12/5/2022,1,3,15,2770,109,91
12/6/2022,1,3,32,3411,103,91
12/7/2022,1,3,34,2663,108,95
12/8/2022,1,3,27,2903,102,98
12/9/2022,1,3,36,3180,111,93
12/10/2022,1,3,44,2659,112,95
12/11/2022,1,3,21,3211,123,93
12/12/2022,1,3,28,3104,109,92
12/13/2022,1,3,30,3273,114,93
12/14/2022,1,3,27,3107,121,91
12/15/2022,1,3,30,2922,117,92
12/16/2022,1,3,32,2661,124,98
12/17/2022,1,3,39,3238,124,98
12/18/2022,1,3,21,2561,127,94
12/19/2022,1,3,20,2907,111,97
12/20/2022,1,3,21,2895,110,92
12/21/2022,1,3,23,3352,127,94
12/22/2022,1,3,22,3254,128,91
12/23/2022,1,3,37,3292,115,93
12/24/2022,1,3,33,3492,122,95
12/25/2022,1,3,26,2744,119,98
12/26/2022,1,3,18,3002,118,94
12/27/2022,1,3,26,2821,101,94
12/28/2022,1,3,21,3129,120,95
12/29/2022,1,3,38,3376,119,98
12/30/2022,1,3,27,3156,121,92
12/31/2022,1,3,29,3219,124,93
1/1/2018,2,3,19,3364,110,98
1/2/2018,2,3,32,3384,113,91
1/3/2018,2,3,26,3339,124,96
1/4/2018,2,3,34,3242,120,92
1/5/2018,2,3,25,2716,122,94
1/6/2018,2,3,27,3282,121,95
1/7/2018,2,3,29,3341,126,92
1/8/2018,2,3,20,3393,118,98
1/9/2018,2,3,18,3435,106,94
1/10/2018,2,3,23,3213,101,98
1/11/2018,2,3,35,2699,101,97
1/12/2018,2,3,33,2985,103,92
1/13/2018,2,3,44,3071,112,98
1/14/2018,2,3,25,2805,116,93
1/15/2018,2,3,32,2785,112,98
1/16/2018,2,3,16,3328,107,98
1/17/2018,2,3,23,3378,114,94
1/18/2018,2,3,24,3490,121,91
1/19/2018,2,3,19,2983,111,94
1/20/2018,2,3,33,3099,104,95
1/21/2018,2,3,28,2518,103,95
1/22/2018,2,3,17,3275,127,92
1/23/2018,2,3,23,3119,105,96
1/24/2018,2,3,25,3126,123,96
1/25/2018,2,3,28,2545,126,97
1/26/2018,2,3,33,2739,124,97
1/27/2018,2,3,30,3340,124,93
1/28/2018,2,3,22,2698,122,92
1/29/2018,2,3,19,2884,101,98
1/30/2018,2,3,25,2579,116,91
1/31/2018,2,3,24,2982,104,92
2/1/2018,2,3,24,3229,101,94
2/2/2018,2,3,42,3020,108,97
2/3/2018,2,3,36,3443,114,97
2/4/2018,2,3,25,2971,101,96
2/5/2018,2,3,29,2631,108,98
2/6/2018,2,3,29,2931,120,94
2/7/2018,2,3,28,3389,119,96
2/8/2018,2,3,33,2998,101,96
2/9/2018,2,3,27,2512,111,91
2/10/2018,2,3,43,3401,126,94
2/11/2018,2,3,29,2834,110,91
2/12/2018,2,3,26,2663,109,94
2/13/2018,2,3,26,3460,111,92
2/14/2018,2,3,24,3144,102,92
2/15/2018,2,3,42,2694,112,98
2/16/2018,2,3,32,2795,126,92
2/17/2018,2,3,43,3054,104,91
2/18/2018,2,3,18,3323,125,94
2/19/2018,2,3,35,3288,126,95
2/20/2018,2,3,23,2923,114,96
2/21/2018,2,3,30,3341,103,94
2/22/2018,2,3,30,3071,103,91
2/23/2018,2,3,31,2683,114,94
2/24/2018,2,3,48,3429,113,91
2/25/2018,2,3,26,2777,109,97
2/26/2018,2,3,19,2546,117,97
2/27/2018,2,3,27,3495,108,95
2/28/2018,2,3,23,2512,124,92
3/1/2018,2,3,42,2938,126,94
3/2/2018,2,3,35,3204,128,91
3/3/2018,2,3,41,3328,106,97
3/4/2018,2,3,26,2526,108,94
3/5/2018,2,3,32,2864,128,93
3/6/2018,2,3,22,2993,110,94
3/7/2018,2,3,25,3387,112,98
3/8/2018,2,3,38,3489,102,98
3/9/2018,2,3,43,2630,106,97
3/10/2018,2,3,45,3384,123,94
3/11/2018,2,3,31,2720,114,97
3/12/2018,2,3,30,3055,107,92
3/13/2018,2,3,37,2852,111,91
3/14/2018,2,3,28,3253,108,96
3/15/2018,2,3,37,3082,121,98
3/16/2018,2,3,43,3299,120,98
3/17/2018,2,3,43,3027,128,93
3/18/2018,2,3,40,3171,104,92
3/19/2018,2,3,35,2590,113,97
3/20/2018,2,3,35,2803,117,96
3/21/2018,2,3,41,3469,115,94
3/22/2018,2,3,33,2918,104,91
3/23/2018,2,3,35,3387,122,95
3/24/2018,2,3,46,2787,122,96
3/25/2018,2,3,33,3095,104,97
3/26/2018,2,3,35,2854,120,94
3/27/2018,2,3,28,2759,118,92
3/28/2018,2,3,33,2888,113,98
3/29/2018,2,3,20,2786,110,95
3/30/2018,2,3,47,2959,126,97
3/31/2018,2,3,40,2688,109,96
4/1/2018,2,3,25,2695,113,91
4/2/2018,2,3,37,2543,115,92
4/3/2018,2,3,42,3462,102,98
4/4/2018,2,3,37,2539,113,94
4/5/2018,2,3,45,2754,104,98
4/6/2018,2,3,52,2977,113,92
4/7/2018,2,3,52,3338,125,93
4/8/2018,2,3,25,2675,118,96
4/9/2018,2,3,29,2879,119,91
4/10/2018,2,3,40,2867,109,92
4/11/2018,2,3,27,2651,118,96
4/12/2018,2,3,51,3046,124,91
4/13/2018,2,3,52,3360,117,95
4/14/2018,2,3,55,3406,105,98
4/15/2018,2,3,40,2917,101,96
4/16/2018,2,3,28,2723,108,92
4/17/2018,2,3,49,3185,124,98
4/18/2018,2,3,46,2822,108,91
4/19/2018,2,3,46,2664,113,95
4/20/2018,2,3,45,3494,110,95
4/21/2018,2,3,48,3204,125,97
4/22/2018,2,3,33,3426,122,93
4/23/2018,2,3,24,2893,122,93
4/24/2018,2,3,27,2632,125,96
4/25/2018,2,3,36,2948,119,91
4/26/2018,2,3,47,2876,118,98
4/27/2018,2,3,51,2988,108,97
4/28/2018,2,3,52,3234,117,95
4/29/2018,2,3,32,2828,103,92
4/30/2018,2,3,51,3419,120,94
5/1/2018,2,3,43,3275,109,95
5/2/2018,2,3,48,3336,111,97
5/3/2018,2,3,39,2501,125,96
5/4/2018,2,3,46,2581,109,95
5/5/2018,2,3,51,3350,106,91
5/6/2018,2,3,34,3286,109,97
5/7/2018,2,3,35,3234,123,94
5/8/2018,2,3,40,2543,120,97
5/9/2018,2,3,31,2536,115,93
5/10/2018,2,3,46,3450,127,96
5/11/2018,2,3,37,2930,111,91
5/12/2018,2,3,59,3235,107,96
5/13/2018,2,3,35,2558,117,92
5/14/2018,2,3,40,2842,102,91
5/15/2018,2,3,46,3255,103,94
5/16/2018,2,3,32,2665,115,96
5/17/2018,2,3,46,3190,108,98
5/18/2018,2,3,58,2523,119,98
5/19/2018,2,3,44,3354,101,94
5/20/2018,2,3,40,2640,126,96
5/21/2018,2,3,36,2601,111,96
5/22/2018,2,3,45,3124,123,92
5/23/2018,2,3,43,3179,101,93
5/24/2018,2,3,56,2689,103,96
5/25/2018,2,3,39,3395,120,97
5/26/2018,2,3,65,3129,108,91
5/27/2018,2,3,24,2581,104,92
5/28/2018,2,3,45,2645,125,92
5/29/2018,2,3,44,2943,103,91
5/30/2018,2,3,33,2512,104,97
5/31/2018,2,3,45,3080,122,94
6/1/2018,2,3,66,3196,109,98
6/2/2018,2,3,61,2718,103,96
6/3/2018,2,3,40,2615,121,96
6/4/2018,2,3,51,2940,115,96
6/5/2018,2,3,40,3068,104,93
6/6/2018,2,3,44,3191,102,94
6/7/2018,2,3,59,3224,107,93
6/8/2018,2,3,58,2617,118,97
6/9/2018,2,3,57,2953,110,98
6/10/2018,2,3,36,2986,126,92
6/11/2018,2,3,46,2523,111,96
6/12/2018,2,3,38,2740,120,91
6/13/2018,2,3,41,3132,119,96
6/14/2018,2,3,42,2625,104,96
6/15/2018,2,3,48,3104,116,93
6/16/2018,2,3,47,3391,110,93
6/17/2018,2,3,44,3212,116,98
6/18/2018,2,3,33,3162,117,94
6/19/2018,2,3,35,3323,113,97
6/20/2018,2,3,38,3289,116,95
6/21/2018,2,3,52,2514,103,93
6/22/2018,2,3,57,2591,118,96
6/23/2018,2,3,72,3016,114,98
6/24/2018,2,3,38,2839,128,93
6/25/2018,2,3,45,3087,124,94
6/26/2018,2,3,39,2690,120,97
6/27/2018,2,3,40,2782,115,95
6/28/2018,2,3,59,3009,119,94
6/29/2018,2,3,49,2770,122,98
6/30/2018,2,3,54,3404,111,94
7/1/2018,2,3,30,2827,119,96
7/2/2018,2,3,46,2976,114,96
7/3/2018,2,3,57,2667,102,96
7/4/2018,2,3,45,2509,101,94
7/5/2018,2,3,41,2748,117,94
7/6/2018,2,3,67,3062,126,93
7/7/2018,2,3,59,3169,115,91
7/8/2018,2,3,43,3419,108,92
7/9/2018,2,3,59,2845,124,92
7/10/2018,2,3,48,2508,117,91
7/11/2018,2,3,58,2691,117,96
7/12/2018,2,3,65,3292,114,97
7/13/2018,2,3,50,3232,108,96
7/14/2018,2,3,60,3374,126,92
7/15/2018,2,3,52,3243,105,91
7/16/2018,2,3,43,3422,122,91
7/17/2018,2,3,40,2775,104,96
7/18/2018,2,3,57,2861,103,95
7/19/2018,2,3,54,2962,116,98
7/20/2018,2,3,65,3100,107,96
7/21/2018,2,3,56,2874,119,94
7/22/2018,2,3,44,3340,104,94
7/23/2018,2,3,50,2646,126,93
7/24/2018,2,3,45,2908,106,95
7/25/2018,2,3,48,3457,121,91
7/26/2018,2,3,51,2930,120,94
7/27/2018,2,3,80,2777,122,93
7/28/2018,2,3,62,3005,107,95
7/29/2018,2,3,39,3231,118,91
7/30/2018,2,3,31,2561,110,91
7/31/2018,2,3,38,2587,101,93
8/1/2018,2,3,49,2507,118,98
8/2/2018,2,3,44,3035,116,93
8/3/2018,2,3,50,3310,105,97
8/4/2018,2,3,49,3490,102,95
8/5/2018,2,3,31,2977,124,98
8/6/2018,2,3,49,2819,112,95
8/7/2018,2,3,39,2661,125,92
8/8/2018,2,3,37,2504,103,93
8/9/2018,2,3,46,3454,107,93
8/10/2018,2,3,58,2774,118,97
8/11/2018,2,3,42,3489,111,98
8/12/2018,2,3,35,2921,110,93
8/13/2018,2,3,36,2772,116,91
8/14/2018,2,3,24,3284,112,97
8/15/2018,2,3,33,3311,127,98
8/16/2018,2,3,56,3439,124,96
8/17/2018,2,3,55,3497,104,95
8/18/2018,2,3,55,3306,109,97
8/19/2018,2,3,41,2561,121,94
8/20/2018,2,3,38,3329,107,93
8/21/2018,2,3,49,2821,107,93
8/22/2018,2,3,43,2658,111,91
8/23/2018,2,3,38,2536,123,94
8/24/2018,2,3,49,3251,104,97
8/25/2018,2,3,41,3406,106,97
8/26/2018,2,3,37,2535,123,96
8/27/2018,2,3,36,3062,123,93
8/28/2018,2,3,39,2574,113,91
8/29/2018,2,3,46,3341,101,93
8/30/2018,2,3,38,2693,118,93
8/31/2018,2,3,44,2747,110,95
9/1/2018,2,3,36,3250,106,93
9/2/2018,2,3,35,2608,119,94
9/3/2018,2,3,42,3020,127,96
9/4/2018,2,3,57,2659,124,91
9/5/2018,2,3,36,3128,121,98
9/6/2018,2,3,41,3440,127,94
9/7/2018,2,3,50,2752,126,95
9/8/2018,2,3,40,3363,122,95
9/9/2018,2,3,37,2847,122,94
9/10/2018,2,3,31,2884,115,95
9/11/2018,2,3,40,3133,110,96
9/12/2018,2,3,37,3008,111,92
9/13/2018,2,3,39,2922,126,93
9/14/2018,2,3,44,2522,123,96
9/15/2018,2,3,47,2720,105,91
9/16/2018,2,3,37,3484,116,92
9/17/2018,2,3,34,2897,107,93
9/18/2018,2,3,46,3432,116,94
9/19/2018,2,3,28,2970,112,93
9/20/2018,2,3,32,3092,127,98
9/21/2018,2,3,55,2809,127,98
9/22/2018,2,3,34,3031,107,98
9/23/2018,2,3,34,2872,125,91
9/24/2018,2,3,51,3321,104,93
9/25/2018,2,3,44,2734,126,97
9/26/2018,2,3,44,2500,119,97
9/27/2018,2,3,46,2613,118,95
9/28/2018,2,3,48,3489,115,96
9/29/2018,2,3,58,3276,124,92
9/30/2018,2,3,33,2540,106,98
10/1/2018,2,3,35,2738,123,95
10/2/2018,2,3,35,2734,118,96
10/3/2018,2,3,35,3101,109,97
10/4/2018,2,3,34,2743,114,95
10/5/2018,2,3,47,2517,113,97
10/6/2018,2,3,47,3008,128,95
10/7/2018,2,3,33,3416,127,95
10/8/2018,2,3,36,3426,114,96
10/9/2018,2,3,39,3319,120,93
10/10/2018,2,3,30,3458,124,95
10/11/2018,2,3,44,2925,128,96
10/12/2018,2,3,36,3263,124,94
10/13/2018,2,3,48,2651,116,92
10/14/2018,2,3,37,2654,107,92
10/15/2018,2,3,42,2601,106,97
10/16/2018,2,3,32,2871,105,93
10/17/2018,2,3,30,3147,121,91
10/18/2018,2,3,43,3047,128,96
10/19/2018,2,3,44,3037,107,97
10/20/2018,2,3,46,2694,122,98
10/21/2018,2,3,31,2796,113,96
10/22/2018,2,3,34,3148,102,96
10/23/2018,2,3,40,2933,112,94
10/24/2018,2,3,46,2581,109,95
10/25/2018,2,3,40,2782,115,93
10/26/2018,2,3,36,2763,116,98
10/27/2018,2,3,29,3491,128,94
10/28/2018,2,3,21,2622,101,96
10/29/2018,2,3,37,3064,108,94
10/30/2018,2,3,41,3084,117,93
10/31/2018,2,3,31,3049,108,96
11/1/2018,2,3,35,2838,117,97
11/2/2018,2,3,49,3323,120,97
11/3/2018,2,3,45,2646,125,97
11/4/2018,2,3,23,2799,123,94
11/5/2018,2,3,39,2741,104,94
11/6/2018,2,3,50,2974,124,92
11/7/2018,2,3,44,2552,127,95
11/8/2018,2,3,52,3198,107,95
11/9/2018,2,3,68,3433,116,93
11/10/2018,2,3,46,3222,114,95
11/11/2018,2,3,21,2777,112,93
11/12/2018,2,3,35,2747,124,95
11/13/2018,2,3,29,2547,111,94
11/14/2018,2,3,40,2953,101,93
11/15/2018,2,3,42,3343,128,96
11/16/2018,2,3,37,2690,104,92
11/17/2018,2,3,50,2958,107,98
11/18/2018,2,3,33,2985,108,97
11/19/2018,2,3,43,3191,118,91
11/20/2018,2,3,32,2722,107,93
11/21/2018,2,3,39,2727,106,97
11/22/2018,2,3,42,2648,108,91
11/23/2018,2,3,52,3414,107,97
11/24/2018,2,3,39,2670,119,98
11/25/2018,2,3,45,2822,103,97
11/26/2018,2,3,32,3329,125,95
11/27/2018,2,3,40,2853,118,91
11/28/2018,2,3,42,3363,101,92
11/29/2018,2,3,47,2730,125,93
11/30/2018,2,3,40,2540,122,92
12/1/2018,2,3,31,3110,112,97
12/2/2018,2,3,16,3378,107,96
12/3/2018,2,3,27,2786,105,93
12/4/2018,2,3,25,3242,106,93
12/5/2018,2,3,26,3206,104,98
12/6/2018,2,3,38,3150,106,93
12/7/2018,2,3,45,2659,111,93
12/8/2018,2,3,39,3159,104,98
12/9/2018,2,3,28,2770,123,92
12/10/2018,2,3,23,2768,106,95
12/11/2018,2,3,22,3158,101,95
12/12/2018,2,3,30,2753,103,98
12/13/2018,2,3,28,3331,109,95
12/14/2018,2,3,39,3476,111,96
12/15/2018,2,3,44,2754,105,94
12/16/2018,2,3,23,2623,122,97
12/17/2018,2,3,25,2533,127,92
12/18/2018,2,3,25,3052,128,97
12/19/2018,2,3,37,3146,112,96
12/20/2018,2,3,28,2650,106,93
12/21/2018,2,3,37,2506,110,98
12/22/2018,2,3,39,2607,123,93
12/23/2018,2,3,26,2744,106,98
12/24/2018,2,3,22,2950,111,95
12/25/2018,2,3,24,3224,103,96
12/26/2018,2,3,24,3249,121,94
12/27/2018,2,3,26,2802,110,96
12/28/2018,2,3,20,3318,101,92
12/29/2018,2,3,32,3033,113,97
12/30/2018,2,3,20,2500,128,94
12/31/2018,2,3,24,2775,116,93
1/1/2019,2,3,32,2606,126,93
1/2/2019,2,3,36,3089,106,95
1/3/2019,2,3,29,2618,125,92
1/4/2019,2,3,33,3386,102,92
1/5/2019,2,3,31,3346,126,97
1/6/2019,2,3,19,3349,123,96
1/7/2019,2,3,24,2556,104,98
1/8/2019,2,3,38,2633,122,95
1/9/2019,2,3,21,3344,115,96
1/10/2019,2,3,39,2861,125,97
1/11/2019,2,3,37,2935,120,95
1/12/2019,2,3,30,3245,124,95
1/13/2019,2,3,28,3230,105,91
1/14/2019,2,3,25,3072,123,91
1/15/2019,2,3,25,2810,127,98
1/16/2019,2,3,30,2513,115,97
1/17/2019,2,3,35,2568,110,95
1/18/2019,2,3,24,3266,120,92
1/19/2019,2,3,34,3266,126,96
1/20/2019,2,3,34,2702,124,97
1/21/2019,2,3,21,2973,126,98
1/22/2019,2,3,30,3032,128,93
1/23/2019,2,3,23,2846,122,91
1/24/2019,2,3,38,3215,112,91
1/25/2019,2,3,33,2582,102,91
1/26/2019,2,3,38,3295,119,91
1/27/2019,2,3,20,3162,126,91
1/28/2019,2,3,19,2539,107,93
1/29/2019,2,3,31,3114,116,98
1/30/2019,2,3,26,2519,102,96
1/31/2019,2,3,36,3020,118,95
2/1/2019,2,3,34,3439,114,93
2/2/2019,2,3,46,3109,103,98
2/3/2019,2,3,27,2761,103,96
2/4/2019,2,3,26,3485,111,92
2/5/2019,2,3,33,3209,115,93
2/6/2019,2,3,32,3256,103,92
2/7/2019,2,3,26,3180,101,91
2/8/2019,2,3,33,3359,108,95
2/9/2019,2,3,41,3235,118,96
2/10/2019,2,3,22,3440,120,97
2/11/2019,2,3,25,2922,114,98
2/12/2019,2,3,31,3143,111,93
2/13/2019,2,3,38,3216,104,98
2/14/2019,2,3,35,2616,118,91
2/15/2019,2,3,30,3345,123,97
2/16/2019,2,3,30,3206,111,97
2/17/2019,2,3,35,3313,105,94
2/18/2019,2,3,33,3254,127,93
2/19/2019,2,3,26,3158,120,97
2/20/2019,2,3,37,2941,107,95
2/21/2019,2,3,35,3432,103,96
2/22/2019,2,3,47,3453,128,92
2/23/2019,2,3,46,2769,107,92
2/24/2019,2,3,30,3129,103,94
2/25/2019,2,3,27,2737,107,92
2/26/2019,2,3,31,2895,127,94
2/27/2019,2,3,38,3354,111,92
2/28/2019,2,3,39,2998,125,94
3/1/2019,2,3,58,2541,111,94
3/2/2019,2,3,54,3189,102,93
3/3/2019,2,3,40,2927,106,98
3/4/2019,2,3,34,3034,124,92
3/5/2019,2,3,40,2701,106,91
3/6/2019,2,3,30,2647,106,93
3/7/2019,2,3,45,3462,113,96
3/8/2019,2,3,47,3335,126,91
3/9/2019,2,3,47,3463,121,91
3/10/2019,2,3,29,3307,110,97
3/11/2019,2,3,37,2852,109,96
3/12/2019,2,3,40,3277,108,95
3/13/2019,2,3,41,2501,114,98
3/14/2019,2,3,45,2895,121,98
3/15/2019,2,3,38,3002,123,93
3/16/2019,2,3,45,2827,122,96
3/17/2019,2,3,41,2880,124,91
3/18/2019,2,3,33,3177,116,96
3/19/2019,2,3,36,2857,106,95
3/20/2019,2,3,42,2738,118,97
3/21/2019,2,3,53,3491,127,94
3/22/2019,2,3,43,2654,119,95
3/23/2019,2,3,53,2682,117,94
3/24/2019,2,3,36,2893,103,97
3/25/2019,2,3,39,3050,113,93
3/26/2019,2,3,44,2915,126,93
3/27/2019,2,3,43,2926,107,97
3/28/2019,2,3,30,2571,108,95
3/29/2019,2,3,40,2754,116,94
3/30/2019,2,3,46,2738,121,97
3/31/2019,2,3,40,2685,110,97
4/1/2019,2,3,36,2764,112,96
4/2/2019,2,3,35,2911,108,93
4/3/2019,2,3,37,3239,119,94
4/4/2019,2,3,55,3229,121,95
4/5/2019,2,3,48,3221,122,96
4/6/2019,2,3,61,2516,103,93
4/7/2019,2,3,51,2516,101,98
4/8/2019,2,3,42,3164,124,95
4/9/2019,2,3,51,2508,118,93
4/10/2019,2,3,51,2631,105,94
4/11/2019,2,3,46,2756,121,94
4/12/2019,2,3,43,2933,115,92
4/13/2019,2,3,62,3311,107,98
4/14/2019,2,3,50,3257,106,92
4/15/2019,2,3,51,2514,113,98
4/16/2019,2,3,40,2896,115,95
4/17/2019,2,3,54,2531,106,94
4/18/2019,2,3,39,2535,102,98
4/19/2019,2,3,52,3111,108,94
4/20/2019,2,3,51,2561,104,96
4/21/2019,2,3,42,2896,120,92
4/22/2019,2,3,38,3045,116,97
4/23/2019,2,3,37,3309,113,93
4/24/2019,2,3,42,2976,115,97
4/25/2019,2,3,59,3454,116,94
4/26/2019,2,3,43,3124,119,98
4/27/2019,2,3,73,3111,108,93
4/28/2019,2,3,35,2927,120,97
4/29/2019,2,3,45,3156,119,95
4/30/2019,2,3,43,2731,112,97
5/1/2019,2,3,38,2955,119,91
5/2/2019,2,3,59,2678,112,91
5/3/2019,2,3,45,2804,119,91
5/4/2019,2,3,65,2602,123,93
5/5/2019,2,3,46,3426,124,92
5/6/2019,2,3,37,3178,109,93
5/7/2019,2,3,37,2512,117,92
5/8/2019,2,3,50,2575,121,92
5/9/2019,2,3,45,3476,122,98
5/10/2019,2,3,44,3220,103,92
5/11/2019,2,3,53,2891,104,97
5/12/2019,2,3,44,3239,127,94
5/13/2019,2,3,45,3500,118,92
5/14/2019,2,3,50,3204,113,98
5/15/2019,2,3,45,2534,119,93
5/16/2019,2,3,53,2673,118,93
5/17/2019,2,3,49,3199,101,94
5/18/2019,2,3,65,3019,114,97
5/19/2019,2,3,34,2709,110,94
5/20/2019,2,3,45,2508,112,93
5/21/2019,2,3,58,2698,120,93
5/22/2019,2,3,41,2667,108,97
5/23/2019,2,3,59,3184,113,93
5/24/2019,2,3,61,3086,116,94
5/25/2019,2,3,57,3220,125,93
5/26/2019,2,3,38,2899,124,93
5/27/2019,2,3,60,2899,115,94
5/28/2019,2,3,46,2675,102,94
5/29/2019,2,3,48,2598,112,93
5/30/2019,2,3,53,2593,114,91
5/31/2019,2,3,48,2577,102,91
6/1/2019,2,3,69,3127,121,93
6/2/2019,2,3,32,2832,107,93
6/3/2019,2,3,48,2639,114,93
6/4/2019,2,3,49,2899,112,95
6/5/2019,2,3,69,3208,117,98
6/6/2019,2,3,52,2586,110,93
6/7/2019,2,3,67,2571,116,96
6/8/2019,2,3,73,2510,106,94
6/9/2019,2,3,55,3001,120,93
6/10/2019,2,3,59,2964,124,98
6/11/2019,2,3,62,3422,124,98
6/12/2019,2,3,52,2935,114,92
6/13/2019,2,3,55,2840,125,95
6/14/2019,2,3,73,3028,126,95
6/15/2019,2,3,59,2642,117,95
6/16/2019,2,3,36,2547,126,94
6/17/2019,2,3,64,3187,108,92
6/18/2019,2,3,42,3165,115,93
6/19/2019,2,3,65,2805,103,93
6/20/2019,2,3,72,2608,101,96
6/21/2019,2,3,57,3024,108,95
6/22/2019,2,3,63,2983,118,94
6/23/2019,2,3,41,3263,117,92
6/24/2019,2,3,57,2581,125,94
6/25/2019,2,3,38,3440,106,93
6/26/2019,2,3,53,2632,110,91
6/27/2019,2,3,60,3231,121,95
6/28/2019,2,3,73,3117,113,98
6/29/2019,2,3,58,2694,115,95
6/30/2019,2,3,50,2703,126,96
7/1/2019,2,3,48,3245,111,94
7/2/2019,2,3,48,2513,123,94
7/3/2019,2,3,52,2715,101,93
7/4/2019,2,3,87,2509,105,96
7/5/2019,2,3,57,3099,115,97
7/6/2019,2,3,78,2900,127,92
7/7/2019,2,3,47,2637,107,95
7/8/2019,2,3,59,2619,111,93
7/9/2019,2,3,56,3228,107,97
7/10/2019,2,3,61,3211,107,91
7/11/2019,2,3,52,3171,111,94
7/12/2019,2,3,62,2788,128,95
7/13/2019,2,3,64,3103,114,95
7/14/2019,2,3,45,2900,105,94
7/15/2019,2,3,47,3290,128,91
7/16/2019,2,3,54,3022,115,93
7/17/2019,2,3,75,2839,120,92
7/18/2019,2,3,53,3214,127,92
7/19/2019,2,3,65,2811,121,96
7/20/2019,2,3,63,2856,113,91
7/21/2019,2,3,53,2891,118,92
7/22/2019,2,3,67,3424,104,98
7/23/2019,2,3,39,3081,115,98
7/24/2019,2,3,67,2634,117,92
7/25/2019,2,3,79,3422,121,91
7/26/2019,2,3,53,2749,107,92
7/27/2019,2,3,71,3093,125,91
7/28/2019,2,3,47,2899,115,94
7/29/2019,2,3,50,2628,114,96
7/30/2019,2,3,61,2716,120,93
7/31/2019,2,3,46,3497,103,91
8/1/2019,2,3,61,3269,109,97
8/2/2019,2,3,54,3016,117,97
8/3/2019,2,3,67,2887,119,94
8/4/2019,2,3,47,2573,122,91
8/5/2019,2,3,52,3277,121,94
8/6/2019,2,3,48,3411,120,92
8/7/2019,2,3,60,3367,104,97
8/8/2019,2,3,48,2614,116,95
8/9/2019,2,3,58,3272,126,92
8/10/2019,2,3,52,2727,111,94
8/11/2019,2,3,41,3134,126,94
8/12/2019,2,3,55,2757,118,92
8/13/2019,2,3,45,3375,103,98
8/14/2019,2,3,48,3010,105,93
8/15/2019,2,3,49,3456,110,94
8/16/2019,2,3,44,2516,120,95
8/17/2019,2,3,52,2533,127,95
8/18/2019,2,3,42,3259,122,98
8/19/2019,2,3,52,3342,101,94
8/20/2019,2,3,47,2921,113,98
8/21/2019,2,3,57,2887,101,98
8/22/2019,2,3,52,3268,101,93
8/23/2019,2,3,59,3189,110,91
8/24/2019,2,3,57,2786,122,97
8/25/2019,2,3,39,2917,103,91
8/26/2019,2,3,46,3040,112,93
8/27/2019,2,3,32,2806,119,97
8/28/2019,2,3,53,2755,126,97
8/29/2019,2,3,53,2826,114,98
8/30/2019,2,3,57,2660,119,92
8/31/2019,2,3,60,3051,110,91
9/1/2019,2,3,36,2889,114,92
9/2/2019,2,3,43,2679,120,95
9/3/2019,2,3,44,2537,118,92
9/4/2019,2,3,49,3137,119,91
9/5/2019,2,3,44,2761,117,92
9/6/2019,2,3,48,2767,107,92
9/7/2019,2,3,59,2803,125,92
9/8/2019,2,3,44,2628,123,97
9/9/2019,2,3,39,2597,114,92
9/10/2019,2,3,45,3165,128,93
9/11/2019,2,3,45,3235,122,98
9/12/2019,2,3,58,3006,105,95
9/13/2019,2,3,73,2584,127,97
9/14/2019,2,3,58,2915,120,95
9/15/2019,2,3,39,3468,107,93
9/16/2019,2,3,38,2807,124,98
9/17/2019,2,3,56,2844,125,95
9/18/2019,2,3,50,3332,114,92
9/19/2019,2,3,53,3094,115,97
9/20/2019,2,3,45,3484,102,97
9/21/2019,2,3,48,2953,105,91
9/22/2019,2,3,35,3399,107,93
9/23/2019,2,3,44,3313,116,91
9/24/2019,2,3,51,2770,102,91
9/25/2019,2,3,41,2986,121,96
9/26/2019,2,3,49,3482,101,94
9/27/2019,2,3,42,2763,116,93
9/28/2019,2,3,71,3081,103,94
9/29/2019,2,3,32,3190,102,95
9/30/2019,2,3,58,2734,117,96
10/1/2019,2,3,43,2765,126,96
10/2/2019,2,3,46,2525,120,97
10/3/2019,2,3,55,2542,124,91
10/4/2019,2,3,59,3154,116,98
10/5/2019,2,3,47,2736,119,91
10/6/2019,2,3,25,3291,103,93
10/7/2019,2,3,43,3128,101,95
10/8/2019,2,3,40,2927,122,91
10/9/2019,2,3,48,3144,122,91
10/10/2019,2,3,48,2871,118,93
10/11/2019,2,3,49,3370,108,95
10/12/2019,2,3,50,3349,113,97
10/13/2019,2,3,31,3206,128,97
10/14/2019,2,3,38,2858,113,95
10/15/2019,2,3,50,2605,122,91
10/16/2019,2,3,41,2588,120,92
10/17/2019,2,3,34,3413,122,97
10/18/2019,2,3,52,3441,115,95
10/19/2019,2,3,54,2861,111,96
10/20/2019,2,3,36,3333,111,92
10/21/2019,2,3,36,2932,122,98
10/22/2019,2,3,27,3426,104,98
10/23/2019,2,3,38,3071,116,95
10/24/2019,2,3,48,2704,119,97
10/25/2019,2,3,47,3445,114,94
10/26/2019,2,3,51,2511,114,92
10/27/2019,2,3,30,2539,109,96
10/28/2019,2,3,41,3151,121,92
10/29/2019,2,3,46,3106,124,92
10/30/2019,2,3,50,2704,108,96
10/31/2019,2,3,44,3345,127,93
11/1/2019,2,3,49,3305,108,98
11/2/2019,2,3,56,2616,123,92
11/3/2019,2,3,41,2665,110,93
11/4/2019,2,3,43,2906,121,97
11/5/2019,2,3,53,3210,117,91
11/6/2019,2,3,38,3168,126,94
11/7/2019,2,3,57,2854,126,93
11/8/2019,2,3,43,2709,104,92
11/9/2019,2,3,41,3250,111,91
11/10/2019,2,3,32,2612,105,92
11/11/2019,2,3,48,2636,118,93
11/12/2019,2,3,40,2881,112,98
11/13/2019,2,3,43,2815,111,96
11/14/2019,2,3,59,2808,126,97
11/15/2019,2,3,62,3017,127,93
11/16/2019,2,3,62,2834,125,95
11/17/2019,2,3,35,3277,114,92
11/18/2019,2,3,45,2718,116,97
11/19/2019,2,3,53,2782,115,98
11/20/2019,2,3,53,2819,124,95
11/21/2019,2,3,49,2702,120,91
11/22/2019,2,3,54,3016,127,96
11/23/2019,2,3,61,3237,124,97
11/24/2019,2,3,29,3264,106,92
11/25/2019,2,3,50,2654,105,96
11/26/2019,2,3,46,3276,101,95
11/27/2019,2,3,42,2689,108,94
11/28/2019,2,3,50,3347,126,92
11/29/2019,2,3,51,3459,105,98
11/30/2019,2,3,60,2775,101,92
12/1/2019,2,3,26,3249,118,96
12/2/2019,2,3,35,3114,115,96
12/3/2019,2,3,33,2699,105,92
12/4/2019,2,3,50,3174,115,95
12/5/2019,2,3,27,3297,128,94
12/6/2019,2,3,36,2890,104,92
12/7/2019,2,3,44,2607,122,91
12/8/2019,2,3,27,3008,105,96
12/9/2019,2,3,23,2887,121,93
12/10/2019,2,3,27,2562,127,97
12/11/2019,2,3,36,2763,124,97
12/12/2019,2,3,38,3446,104,93
12/13/2019,2,3,35,3286,114,94
12/14/2019,2,3,36,3042,122,91
12/15/2019,2,3,27,2890,120,95
12/16/2019,2,3,32,2743,103,97
12/17/2019,2,3,30,2801,106,91
12/18/2019,2,3,32,3424,113,91
12/19/2019,2,3,34,2613,124,93
12/20/2019,2,3,29,3261,109,98
12/21/2019,2,3,39,2818,103,94
12/22/2019,2,3,24,2761,106,94
12/23/2019,2,3,31,2723,102,91
12/24/2019,2,3,24,2593,121,97
12/25/2019,2,3,29,3377,127,92
12/26/2019,2,3,34,3482,122,95
12/27/2019,2,3,34,2653,118,95
12/28/2019,2,3,46,2824,102,95
12/29/2019,2,3,19,2877,114,91
12/30/2019,2,3,34,2744,123,93
12/31/2019,2,3,32,2790,120,92
1/1/2020,2,3,32,2867,125,94
1/2/2020,2,3,32,3190,126,95
1/3/2020,2,3,36,3205,107,94
1/4/2020,2,3,36,2943,103,93
1/5/2020,2,3,31,2705,105,96
1/6/2020,2,3,22,2966,124,95
1/7/2020,2,3,25,2649,112,91
1/8/2020,2,3,32,2857,106,96
1/9/2020,2,3,47,2643,106,92
1/10/2020,2,3,39,2677,123,91
1/11/2020,2,3,50,2976,109,92
1/12/2020,2,3,27,3129,114,95
1/13/2020,2,3,28,2806,128,97
1/14/2020,2,3,24,3395,111,98
1/15/2020,2,3,33,2723,105,97
1/16/2020,2,3,40,2778,127,97
1/17/2020,2,3,36,3258,119,91
1/18/2020,2,3,33,2518,113,94
1/19/2020,2,3,24,3287,116,93
1/20/2020,2,3,28,3362,101,98
1/21/2020,2,3,23,2740,127,93
1/22/2020,2,3,39,2888,105,93
1/23/2020,2,3,33,3007,113,93
1/24/2020,2,3,33,2953,107,97
1/25/2020,2,3,53,2841,126,95
1/26/2020,2,3,30,3147,120,92
1/27/2020,2,3,26,3129,111,95
1/28/2020,2,3,30,2511,107,92
1/29/2020,2,3,26,2786,121,92
1/30/2020,2,3,44,3171,102,94
1/31/2020,2,3,42,3027,101,96
2/1/2020,2,3,48,3211,114,93
2/2/2020,2,3,29,3440,126,92
2/3/2020,2,3,27,3302,128,93
2/4/2020,2,3,37,2717,111,91
2/5/2020,2,3,45,3189,115,95
2/6/2020,2,3,30,2829,120,91
2/7/2020,2,3,41,3412,112,98
2/8/2020,2,3,36,2546,122,97
2/9/2020,2,3,26,2851,117,91
2/10/2020,2,3,34,2902,115,96
2/11/2020,2,3,30,2804,123,91
2/12/2020,2,3,38,2972,120,94
2/13/2020,2,3,27,2789,124,96
2/14/2020,2,3,35,2820,102,91
2/15/2020,2,3,33,3462,109,95
2/16/2020,2,3,20,2936,128,94
2/17/2020,2,3,32,2704,127,92
2/18/2020,2,3,39,3171,114,96
2/19/2020,2,3,50,2946,126,93
2/20/2020,2,3,40,3354,120,91
2/21/2020,2,3,37,2908,102,98
2/22/2020,2,3,42,2538,118,93
2/23/2020,2,3,33,3060,110,91
2/24/2020,2,3,36,2974,106,96
2/25/2020,2,3,21,3180,117,95
2/26/2020,2,3,40,2946,105,97
2/27/2020,2,3,38,2662,124,94
2/28/2020,2,3,39,2978,111,98
3/1/2020,2,3,48,3082,114,98
3/2/2020,2,3,31,2585,120,94
3/3/2020,2,3,37,2734,112,98
3/4/2020,2,3,34,3198,103,94
3/5/2020,2,3,43,3264,115,94
3/6/2020,2,3,35,2765,107,91
3/7/2020,2,3,46,2567,109,96
3/8/2020,2,3,53,2628,109,96
3/9/2020,2,3,35,3341,111,92
3/10/2020,2,3,36,2990,101,97
3/11/2020,2,3,31,2714,103,96
3/12/2020,2,3,35,2557,104,92
3/13/2020,2,3,44,2921,107,91
3/14/2020,2,3,59,2559,128,94
3/15/2020,2,3,40,3074,117,91
3/16/2020,2,3,32,3291,121,98
3/17/2020,2,3,41,2680,108,92
3/18/2020,2,3,39,3117,107,94
3/19/2020,2,3,27,3009,124,98
3/20/2020,2,3,51,2760,118,96
3/21/2020,2,3,39,2873,105,95
3/22/2020,2,3,47,2730,118,96
3/23/2020,2,3,35,2786,104,97
3/24/2020,2,3,34,2782,112,95
3/25/2020,2,3,30,3435,120,94
3/26/2020,2,3,38,3019,113,96
3/27/2020,2,3,48,2580,117,97
3/28/2020,2,3,58,2619,121,92
3/29/2020,2,3,41,3424,125,93
3/30/2020,2,3,26,3133,116,98
3/31/2020,2,3,46,2640,124,94
4/1/2020,2,3,45,3254,112,97
4/2/2020,2,3,52,3320,105,97
4/3/2020,2,3,59,3288,108,96
4/4/2020,2,3,64,2593,110,94
4/5/2020,2,3,54,3433,118,96
4/6/2020,2,3,38,3025,102,92
4/7/2020,2,3,38,3101,124,98
4/8/2020,2,3,43,3455,111,93
4/9/2020,2,3,42,3072,128,97
4/10/2020,2,3,45,2732,101,95
4/11/2020,2,3,65,3133,112,96
4/12/2020,2,3,50,2783,104,91
4/13/2020,2,3,27,3239,122,93
4/14/2020,2,3,42,2940,112,93
4/15/2020,2,3,49,2672,113,94
4/16/2020,2,3,40,3444,104,93
4/17/2020,2,3,51,3479,121,93
4/18/2020,2,3,76,2829,115,92
4/19/2020,2,3,63,3455,106,93
4/20/2020,2,3,40,2677,111,95
4/21/2020,2,3,30,2790,112,94
4/22/2020,2,3,38,2711,109,91
4/23/2020,2,3,49,3391,112,91
4/24/2020,2,3,38,3373,119,94
4/25/2020,2,3,62,3327,127,91
4/26/2020,2,3,72,3394,105,93
4/27/2020,2,3,37,2888,107,94
4/28/2020,2,3,46,3018,109,95
4/29/2020,2,3,39,3064,123,95
4/30/2020,2,3,45,3034,103,92
5/1/2020,2,3,55,3263,112,92
5/2/2020,2,3,64,2627,107,98
5/3/2020,2,3,51,2916,107,94
5/4/2020,2,3,58,2674,126,91
5/5/2020,2,3,48,3235,125,93
5/6/2020,2,3,43,3097,111,95
5/7/2020,2,3,45,3145,112,92
5/8/2020,2,3,57,2662,109,95
5/9/2020,2,3,59,2931,112,98
5/10/2020,2,3,64,3416,127,93
5/11/2020,2,3,32,2901,123,98
5/12/2020,2,3,53,3164,110,93
5/13/2020,2,3,43,3200,112,93
5/14/2020,2,3,38,2899,117,95
5/15/2020,2,3,47,2635,103,92
5/16/2020,2,3,62,2582,113,93
5/17/2020,2,3,64,3070,114,91
5/18/2020,2,3,41,2932,105,94
5/19/2020,2,3,54,2700,122,96
5/20/2020,2,3,54,2685,102,93
5/21/2020,2,3,54,2597,112,98
5/22/2020,2,3,52,2824,114,97
5/23/2020,2,3,64,2972,104,93
5/24/2020,2,3,70,2537,125,94
5/25/2020,2,3,44,2610,124,91
5/26/2020,2,3,43,2721,127,98
5/27/2020,2,3,44,2526,106,95
5/28/2020,2,3,46,2630,127,91
5/29/2020,2,3,74,2887,108,91
5/30/2020,2,3,61,3484,118,91
5/31/2020,2,3,59,2871,128,94
6/1/2020,2,3,40,2683,128,93
6/2/2020,2,3,59,3050,125,94
6/3/2020,2,3,61,3231,126,91
6/4/2020,2,3,58,2946,104,94
6/5/2020,2,3,70,2925,103,98
6/6/2020,2,3,67,2978,117,97
6/7/2020,2,3,66,3384,112,92
6/8/2020,2,3,44,3087,117,92
6/9/2020,2,3,47,3355,106,92
6/10/2020,2,3,39,2829,120,98
6/11/2020,2,3,61,3347,121,94
6/12/2020,2,3,53,3274,103,91
6/13/2020,2,3,60,3199,103,92
6/14/2020,2,3,76,3268,108,94
6/15/2020,2,3,36,3238,106,97
6/16/2020,2,3,44,3474,109,96
6/17/2020,2,3,58,3460,106,93
6/18/2020,2,3,72,2719,103,97
6/19/2020,2,3,61,2600,107,92
6/20/2020,2,3,56,2881,116,97
6/21/2020,2,3,71,2563,105,91
6/22/2020,2,3,48,3122,127,91
6/23/2020,2,3,57,2763,122,97
6/24/2020,2,3,57,2591,128,91
6/25/2020,2,3,56,2875,118,92
6/26/2020,2,3,64,3108,105,95
6/27/2020,2,3,77,2818,114,95
6/28/2020,2,3,67,2651,127,94
6/29/2020,2,3,38,2780,121,93
6/30/2020,2,3,46,2619,104,93
7/1/2020,2,3,48,3084,123,97
7/2/2020,2,3,65,2768,105,97
7/3/2020,2,3,57,2825,101,93
7/4/2020,2,3,72,3307,128,92
7/5/2020,2,3,68,3292,111,95
7/6/2020,2,3,39,2678,111,94
7/7/2020,2,3,59,2624,103,98
7/8/2020,2,3,55,3391,120,93
7/9/2020,2,3,53,3236,118,92
7/10/2020,2,3,58,2652,112,95
7/11/2020,2,3,69,2756,127,94
7/12/2020,2,3,68,2625,106,97
7/13/2020,2,3,39,2853,121,91
7/14/2020,2,3,55,3001,103,94
7/15/2020,2,3,58,3356,105,93
7/16/2020,2,3,52,2575,114,96
7/17/2020,2,3,63,3137,118,94
7/18/2020,2,3,79,3100,121,92
7/19/2020,2,3,63,2981,127,95
7/20/2020,2,3,42,3344,119,91
7/21/2020,2,3,62,2619,106,97
7/22/2020,2,3,59,3026,102,92
7/23/2020,2,3,58,2665,107,97
7/24/2020,2,3,69,3012,122,96
7/25/2020,2,3,54,2788,116,92
7/26/2020,2,3,72,2814,112,91
7/27/2020,2,3,42,3153,106,96
7/28/2020,2,3,61,3221,106,94
7/29/2020,2,3,57,3203,110,97
7/30/2020,2,3,61,3073,112,92
7/31/2020,2,3,81,2595,128,94
8/1/2020,2,3,62,3151,118,94
8/2/2020,2,3,70,2837,122,92
8/3/2020,2,3,44,2818,104,98
8/4/2020,2,3,52,3243,108,96
8/5/2020,2,3,36,3452,103,96
8/6/2020,2,3,62,2723,123,96
8/7/2020,2,3,45,3195,115,95
8/8/2020,2,3,62,3495,124,91
8/9/2020,2,3,54,2918,109,95
8/10/2020,2,3,40,3128,107,94
8/11/2020,2,3,52,2753,120,94
8/12/2020,2,3,39,3291,116,96
8/13/2020,2,3,45,3317,126,94
8/14/2020,2,3,55,2736,123,95
8/15/2020,2,3,69,3491,101,92
8/16/2020,2,3,64,3077,103,95
8/17/2020,2,3,41,2573,118,92
8/18/2020,2,3,54,3026,106,94
8/19/2020,2,3,53,3065,110,93
8/20/2020,2,3,56,2831,118,94
8/21/2020,2,3,58,2726,104,94
8/22/2020,2,3,54,3404,109,94
8/23/2020,2,3,83,3046,103,92
8/24/2020,2,3,39,3334,120,97
8/25/2020,2,3,52,3423,105,95
8/26/2020,2,3,59,3021,110,97
8/27/2020,2,3,50,3045,104,91
8/28/2020,2,3,51,3384,117,96
8/29/2020,2,3,58,3116,102,91
8/30/2020,2,3,65,3324,106,95
8/31/2020,2,3,40,2999,116,94
9/1/2020,2,3,51,2838,110,95
9/2/2020,2,3,59,3464,109,98
9/3/2020,2,3,45,3344,107,94
9/4/2020,2,3,49,2540,107,95
9/5/2020,2,3,51,3011,110,94
9/6/2020,2,3,67,2932,122,94
9/7/2020,2,3,41,3442,111,91
9/8/2020,2,3,53,3311,119,97
9/9/2020,2,3,45,3284,123,96
9/10/2020,2,3,54,3128,107,94
9/11/2020,2,3,42,3415,106,93
9/12/2020,2,3,67,3237,123,97
9/13/2020,2,3,47,2932,128,92
9/14/2020,2,3,35,3374,117,95
9/15/2020,2,3,42,3107,122,94
9/16/2020,2,3,48,2514,119,97
9/17/2020,2,3,58,3283,126,97
9/18/2020,2,3,51,3176,114,97
9/19/2020,2,3,57,3016,115,91
9/20/2020,2,3,58,2947,119,95
9/21/2020,2,3,38,2805,104,94
9/22/2020,2,3,49,3287,118,96
9/23/2020,2,3,52,2718,114,96
9/24/2020,2,3,46,2715,108,91
9/25/2020,2,3,42,3170,124,97
9/26/2020,2,3,39,3010,113,94
9/27/2020,2,3,52,3251,111,92
9/28/2020,2,3,34,2637,117,93
9/29/2020,2,3,59,3148,104,91
9/30/2020,2,3,52,2879,115,91
10/1/2020,2,3,36,3312,113,98
10/2/2020,2,3,42,2777,115,91
10/3/2020,2,3,45,2553,108,93
10/4/2020,2,3,62,3293,120,91
10/5/2020,2,3,36,2699,119,93
10/6/2020,2,3,39,3379,109,91
10/7/2020,2,3,43,2742,107,93
10/8/2020,2,3,37,2574,112,91
10/9/2020,2,3,46,3498,116,96
10/10/2020,2,3,40,2587,113,97
10/11/2020,2,3,51,3073,114,93
10/12/2020,2,3,25,3417,114,95
10/13/2020,2,3,47,2500,106,95
10/14/2020,2,3,44,3447,120,92
10/15/2020,2,3,50,2973,115,92
10/16/2020,2,3,49,2815,109,96
10/17/2020,2,3,55,3451,124,96
10/18/2020,2,3,53,2636,111,95
10/19/2020,2,3,34,2519,118,94
10/20/2020,2,3,41,2938,105,98
10/21/2020,2,3,56,2878,101,92
10/22/2020,2,3,51,3153,101,94
10/23/2020,2,3,49,3025,120,92
10/24/2020,2,3,49,2693,128,96
10/25/2020,2,3,60,3155,127,92
10/26/2020,2,3,34,2925,119,92
10/27/2020,2,3,38,2534,124,96
10/28/2020,2,3,40,3334,112,98
10/29/2020,2,3,43,3193,119,92
10/30/2020,2,3,48,2725,121,96
10/31/2020,2,3,59,3443,117,91
11/1/2020,2,3,64,3052,107,92
11/2/2020,2,3,38,2816,113,95
11/3/2020,2,3,49,2733,111,97
11/4/2020,2,3,37,3355,116,94
11/5/2020,2,3,38,2892,109,92
11/6/2020,2,3,46,3215,105,94
11/7/2020,2,3,42,2673,119,91
11/8/2020,2,3,72,2507,108,93
11/9/2020,2,3,41,2778,122,92
11/10/2020,2,3,54,3179,122,92
11/11/2020,2,3,51,2874,114,94
11/12/2020,2,3,45,2923,112,93
11/13/2020,2,3,61,2664,121,96
11/14/2020,2,3,56,3061,117,92
11/15/2020,2,3,55,2500,122,95
11/16/2020,2,3,38,2927,120,93
11/17/2020,2,3,40,2762,117,96
11/18/2020,2,3,44,3099,109,96
11/19/2020,2,3,52,2907,110,96
11/20/2020,2,3,51,2924,103,98
11/21/2020,2,3,56,2754,121,91
11/22/2020,2,3,63,3182,108,95
11/23/2020,2,3,49,3094,103,94
11/24/2020,2,3,42,2611,103,93
11/25/2020,2,3,41,2964,117,95
11/26/2020,2,3,60,3110,102,94
11/27/2020,2,3,52,2948,105,96
11/28/2020,2,3,62,3102,128,95
11/29/2020,2,3,55,2950,108,94
11/30/2020,2,3,35,2514,128,98
12/1/2020,2,3,32,2622,109,92
12/2/2020,2,3,33,2559,119,93
12/3/2020,2,3,33,3352,117,95
12/4/2020,2,3,38,3457,123,97
12/5/2020,2,3,58,2635,119,96
12/6/2020,2,3,54,3225,105,98
12/7/2020,2,3,19,2878,117,95
12/8/2020,2,3,34,3480,109,98
12/9/2020,2,3,27,3031,107,92
12/10/2020,2,3,30,2999,116,97
12/11/2020,2,3,35,3057,102,95
12/12/2020,2,3,38,3005,114,93
12/13/2020,2,3,43,3259,123,91
12/14/2020,2,3,22,2541,101,93
12/15/2020,2,3,27,2702,101,93
12/16/2020,2,3,43,2539,116,95
12/17/2020,2,3,40,3486,104,91
12/18/2020,2,3,27,3069,102,91
12/19/2020,2,3,42,3010,112,94
12/20/2020,2,3,47,2581,102,96
12/21/2020,2,3,31,2991,114,97
12/22/2020,2,3,36,3071,105,96
12/23/2020,2,3,38,2871,117,98
12/24/2020,2,3,30,2741,111,91
12/25/2020,2,3,43,3439,118,95
12/26/2020,2,3,43,3198,116,95
12/27/2020,2,3,44,3133,119,93
12/28/2020,2,3,36,3198,123,91
12/29/2020,2,3,40,3229,109,98
12/30/2020,2,3,31,2534,125,98
12/31/2020,2,3,35,3085,124,93
1/1/2021,2,3,38,3500,101,97
1/2/2021,2,3,38,2545,119,97
1/3/2021,2,3,35,2706,122,97
1/4/2021,2,3,23,2962,103,96
1/5/2021,2,3,36,2689,101,95
1/6/2021,2,3,38,3424,120,91
1/7/2021,2,3,35,3129,121,91
1/8/2021,2,3,34,3011,123,91
1/9/2021,2,3,41,3135,125,94
1/10/2021,2,3,46,2504,116,91
1/11/2021,2,3,29,3013,118,95
1/12/2021,2,3,23,2504,112,93
1/13/2021,2,3,29,2855,120,97
1/14/2021,2,3,36,3217,116,92
1/15/2021,2,3,37,3131,101,98
1/16/2021,2,3,40,3255,101,95
1/17/2021,2,3,45,2830,124,94
1/18/2021,2,3,25,2758,124,92
1/19/2021,2,3,26,2889,115,91
1/20/2021,2,3,28,3223,103,91
1/21/2021,2,3,35,3418,112,92
1/22/2021,2,3,35,2930,127,91
1/23/2021,2,3,45,2783,120,94
1/24/2021,2,3,39,3189,127,96
1/25/2021,2,3,24,2842,120,91
1/26/2021,2,3,25,2961,118,98
1/27/2021,2,3,38,2907,107,94
1/28/2021,2,3,36,2851,115,98
1/29/2021,2,3,48,3427,105,97
1/30/2021,2,3,39,3286,124,94
1/31/2021,2,3,42,2958,108,98
2/1/2021,2,3,26,2580,128,96
2/2/2021,2,3,42,2716,122,98
2/3/2021,2,3,28,2952,104,95
2/4/2021,2,3,39,2664,126,96
2/5/2021,2,3,53,2556,101,95
2/6/2021,2,3,45,2637,122,94
2/7/2021,2,3,42,2717,116,91
2/8/2021,2,3,27,2717,116,96
2/9/2021,2,3,31,3471,105,94
2/10/2021,2,3,31,3395,115,94
2/11/2021,2,3,39,2877,128,98
2/12/2021,2,3,29,3262,128,95
2/13/2021,2,3,47,2763,124,94
2/14/2021,2,3,51,2645,124,92
2/15/2021,2,3,30,2776,108,92
2/16/2021,2,3,35,2823,121,97
2/17/2021,2,3,29,3426,121,94
2/18/2021,2,3,42,2598,105,94
2/19/2021,2,3,45,2724,125,94
2/20/2021,2,3,37,3194,103,93
2/21/2021,2,3,42,3222,111,97
2/22/2021,2,3,39,3336,101,93
2/23/2021,2,3,32,2667,103,91
2/24/2021,2,3,28,2844,108,96
2/25/2021,2,3,43,3134,110,91
2/26/2021,2,3,38,2976,110,94
2/27/2021,2,3,60,2549,110,93
2/28/2021,2,3,38,2918,119,98
2/29/2021,2,3,25,3022,108,97
3/1/2021,2,3,40,2592,114,94
3/2/2021,2,3,36,3265,113,95
3/3/2021,2,3,48,2926,101,92
3/4/2021,2,3,61,3153,126,98
3/5/2021,2,3,41,3189,122,97
3/6/2021,2,3,55,2709,118,98
3/7/2021,2,3,31,2582,112,91
3/8/2021,2,3,36,2954,119,92
3/9/2021,2,3,53,3296,107,92
3/10/2021,2,3,47,3236,113,97
3/11/2021,2,3,56,2656,101,92
3/12/2021,2,3,61,2670,115,97
3/13/2021,2,3,58,3247,121,98
3/14/2021,2,3,38,2694,125,96
3/15/2021,2,3,60,2924,109,97
3/16/2021,2,3,51,3150,105,98
3/17/2021,2,3,36,3390,106,96
3/18/2021,2,3,60,2805,106,92
3/19/2021,2,3,47,3323,109,95
3/20/2021,2,3,47,2794,115,93
3/21/2021,2,3,35,3156,117,96
3/22/2021,2,3,41,3354,110,95
3/23/2021,2,3,34,2914,122,94
3/24/2021,2,3,46,3023,121,98
3/25/2021,2,3,55,2916,114,92
3/26/2021,2,3,62,2844,125,92
3/27/2021,2,3,52,3079,123,93
3/28/2021,2,3,34,3096,113,91
3/29/2021,2,3,34,3124,124,98
3/30/2021,2,3,40,3469,109,92
3/31/2021,2,3,41,3333,117,94
4/1/2021,2,3,71,3161,115,97
4/2/2021,2,3,56,3027,127,92
4/3/2021,2,3,57,2601,117,92
4/4/2021,2,3,42,3184,107,94
4/5/2021,2,3,43,2893,117,98
4/6/2021,2,3,66,2825,102,94
4/7/2021,2,3,58,2505,121,97
4/8/2021,2,3,61,2627,107,95
4/9/2021,2,3,54,3449,122,93
4/10/2021,2,3,67,3451,126,92
4/11/2021,2,3,28,3482,101,98
4/12/2021,2,3,42,2550,104,92
4/13/2021,2,3,52,2878,113,98
4/14/2021,2,3,53,2619,122,91
4/15/2021,2,3,73,3230,107,98
4/16/2021,2,3,49,2666,103,92
4/17/2021,2,3,72,3224,111,92
4/18/2021,2,3,31,2615,103,98
4/19/2021,2,3,50,3290,118,98
4/20/2021,2,3,53,3018,125,98
4/21/2021,2,3,41,2669,107,97
4/22/2021,2,3,57,2960,112,91
4/23/2021,2,3,57,2585,109,94
4/24/2021,2,3,68,2861,125,94
4/25/2021,2,3,42,2603,111,97
4/26/2021,2,3,53,2710,102,94
4/27/2021,2,3,46,2756,128,98
4/28/2021,2,3,66,2748,120,96
4/29/2021,2,3,41,2899,115,96
4/30/2021,2,3,67,3350,118,97
5/1/2021,2,3,72,3438,113,91
5/2/2021,2,3,41,3274,122,98
5/3/2021,2,3,39,3203,128,98
5/4/2021,2,3,43,2796,120,95
5/5/2021,2,3,63,3021,108,98
5/6/2021,2,3,56,3367,120,95
5/7/2021,2,3,68,2796,108,92
5/8/2021,2,3,74,3395,117,95
5/9/2021,2,3,33,3302,128,91
5/10/2021,2,3,51,3428,107,91
5/11/2021,2,3,61,2615,103,93
5/12/2021,2,3,67,3132,123,97
5/13/2021,2,3,64,2734,102,97
5/14/2021,2,3,81,3045,121,92
5/15/2021,2,3,71,2731,111,95
5/16/2021,2,3,47,2924,125,93
5/17/2021,2,3,43,3123,110,95
5/18/2021,2,3,43,2809,121,91
5/19/2021,2,3,59,2604,128,96
5/20/2021,2,3,66,2850,127,91
5/21/2021,2,3,57,3449,104,92
5/22/2021,2,3,60,3111,123,92
5/23/2021,2,3,51,2889,111,91
5/24/2021,2,3,53,3112,101,92
5/25/2021,2,3,57,2753,114,98
5/26/2021,2,3,55,2677,113,94
5/27/2021,2,3,51,3033,124,93
5/28/2021,2,3,53,2723,104,92
5/29/2021,2,3,69,2606,128,91
5/30/2021,2,3,50,3081,122,93
5/31/2021,2,3,56,2716,106,98
6/1/2021,2,3,62,2753,114,98
6/2/2021,2,3,62,2934,103,94
6/3/2021,2,3,57,2971,120,94
6/4/2021,2,3,66,3114,109,97
6/5/2021,2,3,79,2555,120,95
6/6/2021,2,3,41,3020,111,91
6/7/2021,2,3,55,2584,107,98
6/8/2021,2,3,59,2826,125,97
6/9/2021,2,3,73,3025,119,92
6/10/2021,2,3,73,3268,114,95
6/11/2021,2,3,68,3469,121,92
6/12/2021,2,3,78,3181,125,98
6/13/2021,2,3,47,2971,128,96
6/14/2021,2,3,64,3159,101,98
6/15/2021,2,3,54,3018,121,94
6/16/2021,2,3,78,2863,108,93
6/17/2021,2,3,77,3395,119,97
6/18/2021,2,3,72,2971,105,98
6/19/2021,2,3,67,3181,109,92
6/20/2021,2,3,61,3205,104,92
6/21/2021,2,3,57,3210,107,98
6/22/2021,2,3,62,2809,127,92
6/23/2021,2,3,56,2972,120,94
6/24/2021,2,3,57,2826,102,95
6/25/2021,2,3,71,2859,107,93
6/26/2021,2,3,72,3028,108,97
6/27/2021,2,3,53,3018,119,91
6/28/2021,2,3,44,2968,119,98
6/29/2021,2,3,42,3011,105,95
6/30/2021,2,3,50,2733,112,92
7/1/2021,2,3,74,2734,108,94
7/2/2021,2,3,94,2599,102,98
7/3/2021,2,3,89,2582,117,92
7/4/2021,2,3,54,3368,112,94
7/5/2021,2,3,58,3290,114,93
7/6/2021,2,3,70,3089,116,92
7/7/2021,2,3,76,2914,102,91
7/8/2021,2,3,79,3401,124,97
7/9/2021,2,3,78,2650,117,98
7/10/2021,2,3,75,3005,125,96
7/11/2021,2,3,37,2858,107,95
7/12/2021,2,3,46,2714,126,95
7/13/2021,2,3,62,3239,127,95
7/14/2021,2,3,77,3157,113,94
7/15/2021,2,3,68,2661,115,96
7/16/2021,2,3,65,2826,106,91
7/17/2021,2,3,76,3059,125,93
7/18/2021,2,3,50,3186,118,91
7/19/2021,2,3,68,3153,121,92
7/20/2021,2,3,56,2936,124,91
7/21/2021,2,3,57,2850,122,92
7/22/2021,2,3,64,2854,111,92
7/23/2021,2,3,84,2885,106,94
7/24/2021,2,3,88,3151,112,91
7/25/2021,2,3,46,3010,106,92
7/26/2021,2,3,52,3440,110,93
7/27/2021,2,3,47,2843,102,94
7/28/2021,2,3,64,3157,119,96
7/29/2021,2,3,84,2738,115,91
7/30/2021,2,3,84,3150,123,93
7/31/2021,2,3,70,3173,115,96
8/1/2021,2,3,54,3178,120,93
8/2/2021,2,3,48,2526,127,93
8/3/2021,2,3,52,2586,108,97
8/4/2021,2,3,47,2895,118,94
8/5/2021,2,3,61,3165,109,98
8/6/2021,2,3,77,3191,106,92
8/7/2021,2,3,63,2682,104,97
8/8/2021,2,3,41,2597,117,91
8/9/2021,2,3,55,2820,119,92
8/10/2021,2,3,42,2795,112,97
8/11/2021,2,3,66,2700,114,92
8/12/2021,2,3,73,2742,125,93
8/13/2021,2,3,68,2775,101,95
8/14/2021,2,3,84,2573,118,93
8/15/2021,2,3,44,2941,122,95
8/16/2021,2,3,70,3480,125,92
8/17/2021,2,3,59,3292,121,92
8/18/2021,2,3,46,2892,125,97
8/19/2021,2,3,62,3203,119,93
8/20/2021,2,3,66,2988,116,94
8/21/2021,2,3,76,3117,110,93
8/22/2021,2,3,44,2620,105,94
8/23/2021,2,3,55,3401,103,94
8/24/2021,2,3,53,3342,108,92
8/25/2021,2,3,57,2898,125,91
8/26/2021,2,3,62,3018,102,91
8/27/2021,2,3,62,3345,111,95
8/28/2021,2,3,66,3042,103,91
8/29/2021,2,3,56,3245,116,91
8/30/2021,2,3,46,2712,107,98
8/31/2021,2,3,55,3316,113,93
9/1/2021,2,3,43,3137,125,92
9/2/2021,2,3,46,2845,105,96
9/3/2021,2,3,66,2883,128,96
9/4/2021,2,3,68,3013,121,93
9/5/2021,2,3,28,2888,114,97
9/6/2021,2,3,40,2535,101,96
9/7/2021,2,3,47,2661,121,92
9/8/2021,2,3,49,3199,120,92
9/9/2021,2,3,61,3442,116,91
9/10/2021,2,3,59,3457,102,97
9/11/2021,2,3,65,2947,125,98
9/12/2021,2,3,41,3330,120,91
9/13/2021,2,3,58,3069,112,97
9/14/2021,2,3,55,3300,127,93
9/15/2021,2,3,44,3033,124,91
9/16/2021,2,3,62,3416,127,92
9/17/2021,2,3,51,3189,109,91
9/18/2021,2,3,61,2958,125,97
9/19/2021,2,3,36,2564,121,98
9/20/2021,2,3,44,2724,122,93
9/21/2021,2,3,50,3306,109,98
9/22/2021,2,3,41,3477,128,97
9/23/2021,2,3,55,2865,117,93
9/24/2021,2,3,55,2809,125,97
9/25/2021,2,3,62,3396,113,97
9/26/2021,2,3,25,2743,119,93
9/27/2021,2,3,53,2623,116,98
9/28/2021,2,3,42,3417,103,97
9/29/2021,2,3,66,2552,113,91
9/30/2021,2,3,59,3326,107,97
10/1/2021,2,3,63,2827,103,98
10/2/2021,2,3,49,3358,113,93
10/3/2021,2,3,32,2584,103,91
10/4/2021,2,3,48,2714,115,92
10/5/2021,2,3,47,2698,128,92
10/6/2021,2,3,57,3308,114,97
10/7/2021,2,3,50,2682,125,97
10/8/2021,2,3,56,3093,107,93
10/9/2021,2,3,50,2976,106,91
10/10/2021,2,3,34,2972,116,93
10/11/2021,2,3,36,2937,123,98
10/12/2021,2,3,55,2831,105,96
10/13/2021,2,3,57,3430,110,98
10/14/2021,2,3,60,3398,109,96
10/15/2021,2,3,61,3271,105,94
10/16/2021,2,3,71,2749,116,93
10/17/2021,2,3,29,3484,119,92
10/18/2021,2,3,30,2883,109,94
10/19/2021,2,3,45,3431,123,95
10/20/2021,2,3,51,3383,126,98
10/21/2021,2,3,47,2894,121,98
10/22/2021,2,3,53,2806,119,93
10/23/2021,2,3,63,2726,101,95
10/24/2021,2,3,38,2658,122,95
10/25/2021,2,3,52,3456,110,95
10/26/2021,2,3,52,3263,109,97
10/27/2021,2,3,52,2943,124,96
10/28/2021,2,3,58,3279,105,97
10/29/2021,2,3,55,3304,109,98
10/30/2021,2,3,57,2855,110,95
10/31/2021,2,3,51,3205,127,93
11/1/2021,2,3,50,3381,103,92
11/2/2021,2,3,57,2723,114,98
11/3/2021,2,3,57,2700,116,91
11/4/2021,2,3,65,3050,107,96
11/5/2021,2,3,43,2881,107,94
11/6/2021,2,3,64,2645,121,96
11/7/2021,2,3,48,3027,106,92
11/8/2021,2,3,50,2664,108,95
11/9/2021,2,3,50,2745,105,96
11/10/2021,2,3,62,3293,114,98
11/11/2021,2,3,54,3042,101,91
11/12/2021,2,3,73,3238,115,96
11/13/2021,2,3,53,3303,119,95
11/14/2021,2,3,39,2766,103,92
11/15/2021,2,3,51,3036,107,98
11/16/2021,2,3,57,2516,123,93
11/17/2021,2,3,51,2770,102,95
11/18/2021,2,3,69,3458,101,92
11/19/2021,2,3,75,3268,102,94
11/20/2021,2,3,64,2843,119,92
11/21/2021,2,3,46,3018,121,95
11/22/2021,2,3,53,2506,111,91
11/23/2021,2,3,50,2838,121,91
11/24/2021,2,3,44,2950,114,91
11/25/2021,2,3,72,2969,127,94
11/26/2021,2,3,76,3189,118,97
11/27/2021,2,3,58,2582,120,94
11/28/2021,2,3,40,3038,103,92
11/29/2021,2,3,45,3383,124,92
11/30/2021,2,3,50,3122,109,96
12/1/2021,2,3,38,2574,124,94
12/2/2021,2,3,35,2676,111,96
12/3/2021,2,3,49,3403,108,91
12/4/2021,2,3,48,2785,123,93
12/5/2021,2,3,33,3238,108,96
12/6/2021,2,3,38,2573,108,91
12/7/2021,2,3,27,3325,111,91
12/8/2021,2,3,45,3394,106,95
12/9/2021,2,3,48,3056,110,98
12/10/2021,2,3,41,3048,108,94
12/11/2021,2,3,44,2694,105,97
12/12/2021,2,3,34,3164,120,92
12/13/2021,2,3,31,2795,115,95
12/14/2021,2,3,39,2840,110,96
12/15/2021,2,3,33,3220,103,96
12/16/2021,2,3,45,2520,115,91
12/17/2021,2,3,42,3264,126,98
12/18/2021,2,3,47,3471,102,93
12/19/2021,2,3,33,2617,122,91
12/20/2021,2,3,36,2951,121,92
12/21/2021,2,3,33,2997,124,98
12/22/2021,2,3,39,2993,108,96
12/23/2021,2,3,41,2922,111,96
12/24/2021,2,3,47,3004,114,98
12/25/2021,2,3,48,3017,121,93
12/26/2021,2,3,34,3063,116,91
12/27/2021,2,3,29,2538,116,91
12/28/2021,2,3,28,3171,115,96
12/29/2021,2,3,41,2805,128,97
12/30/2021,2,3,49,3349,122,95
12/31/2021,2,3,57,2891,126,96
1/1/2022,2,3,43,2919,116,91
1/2/2022,2,3,25,3226,101,95
1/3/2022,2,3,27,2863,111,93
1/4/2022,2,3,33,3271,103,91
1/5/2022,2,3,43,2784,101,93
1/6/2022,2,3,33,3077,128,98
1/7/2022,2,3,49,3051,113,94
1/8/2022,2,3,40,2659,113,93
1/9/2022,2,3,36,2998,105,92
1/10/2022,2,3,33,3234,109,95
1/11/2022,2,3,36,3315,106,93
1/12/2022,2,3,38,3094,124,94
1/13/2022,2,3,35,2849,118,96
1/14/2022,2,3,33,3295,113,96
1/15/2022,2,3,41,3142,125,98
1/16/2022,2,3,22,3161,113,92
1/17/2022,2,3,35,2626,108,94
1/18/2022,2,3,32,2831,105,91
1/19/2022,2,3,42,2770,105,93
1/20/2022,2,3,34,3469,123,94
1/21/2022,2,3,46,3258,109,92
1/22/2022,2,3,45,3055,102,93
1/23/2022,2,3,35,3158,109,91
1/24/2022,2,3,33,2900,127,91
1/25/2022,2,3,38,2615,108,91
1/26/2022,2,3,45,3390,101,91
1/27/2022,2,3,48,2566,127,93
1/28/2022,2,3,39,3065,115,94
1/29/2022,2,3,48,2707,111,95
1/30/2022,2,3,40,2626,122,94
1/31/2022,2,3,32,2954,107,96
2/1/2022,2,3,50,3488,107,98
2/2/2022,2,3,40,3123,105,96
2/3/2022,2,3,47,3112,117,98
2/4/2022,2,3,47,3015,125,92
2/5/2022,2,3,47,3309,115,94
2/6/2022,2,3,23,3175,112,97
2/7/2022,2,3,32,2612,106,91
2/8/2022,2,3,42,3246,101,94
2/9/2022,2,3,44,3014,106,98
2/10/2022,2,3,41,2618,109,94
2/11/2022,2,3,37,3062,108,94
2/12/2022,2,3,49,2592,110,92
2/13/2022,2,3,38,3125,112,98
2/14/2022,2,3,36,3147,107,93
2/15/2022,2,3,44,3231,104,98
2/16/2022,2,3,43,2746,101,97
2/17/2022,2,3,48,3273,118,95
2/18/2022,2,3,43,2580,115,95
2/19/2022,2,3,48,2643,102,98
2/20/2022,2,3,33,3171,128,94
2/21/2022,2,3,30,2650,116,92
2/22/2022,2,3,32,2839,121,93
2/23/2022,2,3,36,2749,120,96
2/24/2022,2,3,49,2940,112,94
2/25/2022,2,3,47,2573,107,92
2/26/2022,2,3,63,3486,108,95
2/27/2022,2,3,30,3467,125,94
2/28/2022,2,3,35,2673,117,96
3/1/2022,2,3,40,3006,118,96
3/2/2022,2,3,49,2569,112,94
3/3/2022,2,3,48,2583,108,91
3/4/2022,2,3,54,2955,121,94
3/5/2022,2,3,55,3083,109,96
3/6/2022,2,3,44,3029,124,92
3/7/2022,2,3,54,2758,120,92
3/8/2022,2,3,46,3013,115,96
3/9/2022,2,3,47,3499,105,97
3/10/2022,2,3,48,2991,105,91
3/11/2022,2,3,61,2610,110,93
3/12/2022,2,3,63,3185,101,98
3/13/2022,2,3,40,2814,118,96
3/14/2022,2,3,39,2506,108,98
3/15/2022,2,3,49,2684,114,98
3/16/2022,2,3,39,3450,108,98
3/17/2022,2,3,64,3464,119,91
3/18/2022,2,3,59,3461,122,95
3/19/2022,2,3,67,3491,110,91
3/20/2022,2,3,33,3055,104,98
3/21/2022,2,3,45,3081,123,94
3/22/2022,2,3,51,3222,113,95
3/23/2022,2,3,43,2785,127,95
3/24/2022,2,3,51,2759,102,92
3/25/2022,2,3,42,2715,114,97
3/26/2022,2,3,46,3159,105,97
3/27/2022,2,3,40,2507,113,91
3/28/2022,2,3,40,3104,115,91
3/29/2022,2,3,40,3123,118,94
3/30/2022,2,3,50,2513,101,97
3/31/2022,2,3,53,2717,127,97
4/1/2022,2,3,56,2726,123,98
4/2/2022,2,3,61,3443,120,97
4/3/2022,2,3,44,3475,128,93
4/4/2022,2,3,52,2992,109,94
4/5/2022,2,3,56,2671,103,98
4/6/2022,2,3,57,3419,109,94
4/7/2022,2,3,51,2837,106,93
4/8/2022,2,3,69,3006,124,97
4/9/2022,2,3,64,3420,118,93
4/10/2022,2,3,38,3076,104,92
4/11/2022,2,3,42,3393,117,98
4/12/2022,2,3,56,2977,119,96
4/13/2022,2,3,60,2503,127,92
4/14/2022,2,3,55,2502,128,97
4/15/2022,2,3,68,2522,112,94
4/16/2022,2,3,61,3362,110,92
4/17/2022,2,3,56,2804,119,94
4/18/2022,2,3,46,3018,127,96
4/19/2022,2,3,50,2686,114,91
4/20/2022,2,3,51,2626,128,91
4/21/2022,2,3,56,2963,113,92
4/22/2022,2,3,63,2789,124,98
4/23/2022,2,3,79,3300,116,96
4/24/2022,2,3,45,3460,107,95
4/25/2022,2,3,57,2681,105,92
4/26/2022,2,3,64,3154,110,92
4/27/2022,2,3,49,3412,110,97
4/28/2022,2,3,61,3384,122,97
4/29/2022,2,3,67,3444,113,94
4/30/2022,2,3,64,2605,114,95
5/1/2022,2,3,41,3492,103,95
5/2/2022,2,3,70,2829,109,92
5/3/2022,2,3,56,2749,105,94
5/4/2022,2,3,69,2890,105,93
5/5/2022,2,3,55,3388,101,97
5/6/2022,2,3,63,2653,112,91
5/7/2022,2,3,65,2540,122,98
5/8/2022,2,3,42,3046,109,95
5/9/2022,2,3,39,2819,113,97
5/10/2022,2,3,61,3231,120,94
5/11/2022,2,3,53,2591,103,97
5/12/2022,2,3,61,3220,121,95
5/13/2022,2,3,65,3195,104,96
5/14/2022,2,3,66,2976,121,98
5/15/2022,2,3,49,2961,125,91
5/16/2022,2,3,55,2956,124,98
5/17/2022,2,3,64,2843,121,96
5/18/2022,2,3,60,2740,112,95
5/19/2022,2,3,61,3401,123,93
5/20/2022,2,3,64,2907,105,96
5/21/2022,2,3,73,3227,120,98
5/22/2022,2,3,40,3442,125,95
5/23/2022,2,3,58,3077,116,97
5/24/2022,2,3,46,3045,122,92
5/25/2022,2,3,57,2906,128,95
5/26/2022,2,3,82,3155,124,97
5/27/2022,2,3,59,2677,113,96
5/28/2022,2,3,65,2810,107,95
5/29/2022,2,3,47,3153,127,97
5/30/2022,2,3,53,3047,119,96
5/31/2022,2,3,59,3025,126,93
6/1/2022,2,3,70,3293,110,94
6/2/2022,2,3,72,2633,115,92
6/3/2022,2,3,78,3195,103,98
6/4/2022,2,3,78,3096,105,96
6/5/2022,2,3,67,3444,106,92
6/6/2022,2,3,71,2655,121,95
6/7/2022,2,3,79,3305,101,91
6/8/2022,2,3,63,2801,125,97
6/9/2022,2,3,71,2516,103,96
6/10/2022,2,3,69,3168,127,98
6/11/2022,2,3,57,3343,117,97
6/12/2022,2,3,40,3108,127,91
6/13/2022,2,3,47,3154,103,94
6/14/2022,2,3,54,3332,110,98
6/15/2022,2,3,59,3427,103,96
6/16/2022,2,3,64,3344,104,98
6/17/2022,2,3,71,2502,119,95
6/18/2022,2,3,66,2637,124,96
6/19/2022,2,3,54,2903,104,94
6/20/2022,2,3,52,3491,102,95
6/21/2022,2,3,72,3234,109,97
6/22/2022,2,3,84,3011,127,95
6/23/2022,2,3,69,2552,108,93
6/24/2022,2,3,74,3212,106,97
6/25/2022,2,3,62,3178,118,96
6/26/2022,2,3,40,3267,110,95
6/27/2022,2,3,65,2773,116,93
6/28/2022,2,3,54,3076,115,93
6/29/2022,2,3,68,2934,125,97
6/30/2022,2,3,62,3362,104,96
7/1/2022,2,3,74,3000,125,91
7/2/2022,2,3,72,2719,123,92
7/3/2022,2,3,62,3450,105,91
7/4/2022,2,3,63,2750,103,95
7/5/2022,2,3,62,3185,122,96
7/6/2022,2,3,73,3056,117,96
7/7/2022,2,3,82,3377,116,92
7/8/2022,2,3,76,2595,110,94
7/9/2022,2,3,77,2719,113,95
7/10/2022,2,3,39,2947,106,98
7/11/2022,2,3,58,3438,117,97
7/12/2022,2,3,66,3363,118,93
7/13/2022,2,3,73,3295,106,92
7/14/2022,2,3,67,3407,106,93
7/15/2022,2,3,71,3350,128,92
7/16/2022,2,3,75,2785,108,94
7/17/2022,2,3,45,3331,120,92
7/18/2022,2,3,59,3347,126,95
7/19/2022,2,3,55,3041,112,96
7/20/2022,2,3,76,2673,113,96
7/21/2022,2,3,75,3172,128,96
7/22/2022,2,3,71,2636,104,91
7/23/2022,2,3,89,3059,109,98
7/24/2022,2,3,55,2829,115,95
7/25/2022,2,3,63,2886,119,95
7/26/2022,2,3,58,3037,107,98
7/27/2022,2,3,60,2643,105,98
7/28/2022,2,3,63,2581,109,93
7/29/2022,2,3,63,2551,112,93
7/30/2022,2,3,65,2548,126,91
7/31/2022,2,3,56,3332,126,97
8/1/2022,2,3,55,3452,112,94
8/2/2022,2,3,59,3162,125,96
8/3/2022,2,3,57,3132,118,95
8/4/2022,2,3,79,3025,111,93
8/5/2022,2,3,57,3371,124,92
8/6/2022,2,3,60,2908,122,93
8/7/2022,2,3,56,3411,106,96
8/8/2022,2,3,61,2808,124,97
8/9/2022,2,3,45,2930,114,97
8/10/2022,2,3,60,3259,107,92
8/11/2022,2,3,69,2839,128,92
8/12/2022,2,3,78,2881,109,98
8/13/2022,2,3,72,3389,101,98
8/14/2022,2,3,63,3431,111,92
8/15/2022,2,3,64,3433,112,97
8/16/2022,2,3,60,3303,127,95
8/17/2022,2,3,52,2624,120,97
8/18/2022,2,3,74,2569,124,98
8/19/2022,2,3,67,2783,122,98
8/20/2022,2,3,56,2954,109,96
8/21/2022,2,3,46,3385,116,98
8/22/2022,2,3,48,3080,119,94
8/23/2022,2,3,63,2848,105,92
8/24/2022,2,3,45,2927,109,98
8/25/2022,2,3,64,2695,106,92
8/26/2022,2,3,62,3013,101,96
8/27/2022,2,3,71,3089,111,92
8/28/2022,2,3,50,2945,119,94
8/29/2022,2,3,57,3350,101,97
8/30/2022,2,3,52,2691,128,97
8/31/2022,2,3,58,2852,117,94
9/1/2022,2,3,47,3301,102,93
9/2/2022,2,3,60,3411,115,92
9/3/2022,2,3,56,3183,121,97
9/4/2022,2,3,50,3451,103,91
9/5/2022,2,3,60,3156,111,95
9/6/2022,2,3,48,2533,115,93
9/7/2022,2,3,48,3158,128,97
9/8/2022,2,3,62,3358,117,93
9/9/2022,2,3,58,3360,123,95
9/10/2022,2,3,61,3373,114,98
9/11/2022,2,3,61,2772,115,96
9/12/2022,2,3,53,2877,107,96
9/13/2022,2,3,41,3101,115,93
9/14/2022,2,3,64,2722,122,98
9/15/2022,2,3,59,2532,114,97
9/16/2022,2,3,68,3275,124,98
9/17/2022,2,3,67,3304,116,97
9/18/2022,2,3,46,2594,107,91
9/19/2022,2,3,56,2827,115,96
9/20/2022,2,3,47,3466,119,95
9/21/2022,2,3,61,3239,103,94
9/22/2022,2,3,59,2845,105,91
9/23/2022,2,3,62,3167,108,93
9/24/2022,2,3,69,3055,116,97
9/25/2022,2,3,34,3332,114,96
9/26/2022,2,3,52,3024,118,98
9/27/2022,2,3,43,3026,106,92
9/28/2022,2,3,42,3042,127,97
9/29/2022,2,3,59,3453,128,95
9/30/2022,2,3,56,2660,114,97
10/1/2022,2,3,50,3228,120,98
10/2/2022,2,3,47,3107,102,97
10/3/2022,2,3,47,2696,108,94
10/4/2022,2,3,45,2947,128,98
10/5/2022,2,3,32,3147,109,92
10/6/2022,2,3,52,2924,114,94
10/7/2022,2,3,66,3392,120,95
10/8/2022,2,3,51,2858,125,91
10/9/2022,2,3,45,2695,101,91
10/10/2022,2,3,40,2884,105,97
10/11/2022,2,3,36,3283,119,98
10/12/2022,2,3,52,3025,110,92
10/13/2022,2,3,51,2509,124,95
10/14/2022,2,3,49,2727,106,96
10/15/2022,2,3,77,3086,107,97
10/16/2022,2,3,41,3169,106,93
10/17/2022,2,3,48,3182,116,98
10/18/2022,2,3,52,3392,128,97
10/19/2022,2,3,54,3213,119,95
10/20/2022,2,3,53,2561,103,91
10/21/2022,2,3,63,3422,109,98
10/22/2022,2,3,76,3120,103,94
10/23/2022,2,3,44,3488,111,94
10/24/2022,2,3,46,3422,108,96
10/25/2022,2,3,54,3167,113,92
10/26/2022,2,3,46,2521,126,92
10/27/2022,2,3,53,3233,125,98
10/28/2022,2,3,57,2775,123,96
10/29/2022,2,3,61,3468,111,95
10/30/2022,2,3,41,2773,108,95
10/31/2022,2,3,50,3038,118,92
11/1/2022,2,3,50,3167,125,94
11/2/2022,2,3,63,3399,115,91
11/3/2022,2,3,57,2553,118,98
11/4/2022,2,3,70,2991,103,96
11/5/2022,2,3,58,2619,109,96
11/6/2022,2,3,33,2883,119,96
11/7/2022,2,3,52,3267,126,96
11/8/2022,2,3,55,2998,110,97
11/9/2022,2,3,63,2843,101,93
11/10/2022,2,3,57,3390,126,91
11/11/2022,2,3,69,2675,118,98
11/12/2022,2,3,78,3349,110,91
11/13/2022,2,3,49,2908,105,97
11/14/2022,2,3,43,3003,103,98
11/15/2022,2,3,73,2674,105,95
11/16/2022,2,3,53,2816,125,93
11/17/2022,2,3,61,2912,112,98
11/18/2022,2,3,72,2810,108,92
11/19/2022,2,3,73,2798,120,92
11/20/2022,2,3,41,2753,115,95
11/21/2022,2,3,54,3050,120,96
11/22/2022,2,3,61,2919,104,92
11/23/2022,2,3,64,2772,120,91
11/24/2022,2,3,52,2579,117,95
11/25/2022,2,3,69,2605,108,98
11/26/2022,2,3,65,2544,123,96
11/27/2022,2,3,47,2938,122,92
11/28/2022,2,3,61,3249,109,91
11/29/2022,2,3,53,2590,122,91
11/30/2022,2,3,64,2806,127,93
12/1/2022,2,3,40,2507,108,95
12/2/2022,2,3,52,3138,104,95
12/3/2022,2,3,52,3409,117,91
12/4/2022,2,3,35,3293,114,91
12/5/2022,2,3,34,3374,128,91
12/6/2022,2,3,30,3464,110,91
12/7/2022,2,3,25,2825,106,92
12/8/2022,2,3,44,3428,119,96
12/9/2022,2,3,51,3202,127,98
12/10/2022,2,3,56,3453,124,93
12/11/2022,2,3,43,2797,116,98
12/12/2022,2,3,38,2996,122,92
12/13/2022,2,3,42,2705,119,97
12/14/2022,2,3,50,2553,110,93
12/15/2022,2,3,44,3395,103,92
12/16/2022,2,3,66,3483,115,91
12/17/2022,2,3,53,2962,105,93
12/18/2022,2,3,39,2970,112,98
12/19/2022,2,3,37,3211,113,98
12/20/2022,2,3,39,2798,112,95
12/21/2022,2,3,52,2688,123,94
12/22/2022,2,3,39,2998,118,97
12/23/2022,2,3,49,2954,127,97
12/24/2022,2,3,42,3065,102,98
12/25/2022,2,3,27,3363,122,98
12/26/2022,2,3,48,3427,117,98
12/27/2022,2,3,36,2944,105,95
12/28/2022,2,3,40,2822,106,93
12/29/2022,2,3,33,2760,123,98
12/30/2022,2,3,35,3486,120,91
12/31/2022,2,3,54,3041,127,93
1/1/2018,3,3,26,2529,111,93
1/2/2018,3,3,16,2932,121,94
1/3/2018,3,3,17,2721,120,98
1/4/2018,3,3,25,3462,108,96
1/5/2018,3,3,34,2788,118,95
1/6/2018,3,3,25,2939,120,91
1/7/2018,3,3,21,3138,102,94
1/8/2018,3,3,24,3094,120,93
1/9/2018,3,3,21,2503,102,98
1/10/2018,3,3,30,2523,118,94
1/11/2018,3,3,23,2642,124,94
1/12/2018,3,3,28,2786,115,91
1/13/2018,3,3,35,3492,115,93
1/14/2018,3,3,15,2770,119,98
1/15/2018,3,3,29,3104,120,96
1/16/2018,3,3,19,3240,119,98
1/17/2018,3,3,27,2870,115,92
1/18/2018,3,3,15,3142,110,97
1/19/2018,3,3,30,3210,113,96
1/20/2018,3,3,22,3445,121,92
1/21/2018,3,3,21,2818,113,93
1/22/2018,3,3,31,2695,116,92
1/23/2018,3,3,20,3000,106,94
1/24/2018,3,3,16,3311,125,98
1/25/2018,3,3,31,2600,122,94
1/26/2018,3,3,28,3310,119,98
1/27/2018,3,3,29,3121,108,97
1/28/2018,3,3,14,2814,106,96
1/29/2018,3,3,20,3110,102,96
1/30/2018,3,3,18,3499,121,95
1/31/2018,3,3,38,3260,113,91
2/1/2018,3,3,26,3066,124,92
2/2/2018,3,3,21,2690,120,94
2/3/2018,3,3,29,2663,125,97
2/4/2018,3,3,21,3053,114,92
2/5/2018,3,3,26,2583,101,93
2/6/2018,3,3,21,2782,123,94
2/7/2018,3,3,27,3137,121,94
2/8/2018,3,3,24,2883,101,95
2/9/2018,3,3,35,3140,119,92
2/10/2018,3,3,29,3324,116,95
2/11/2018,3,3,20,2809,110,95
2/12/2018,3,3,27,2631,101,92
2/13/2018,3,3,27,2628,110,96
2/14/2018,3,3,27,2970,118,98
2/15/2018,3,3,26,3166,125,95
2/16/2018,3,3,35,2996,113,92
2/17/2018,3,3,27,2637,115,97
2/18/2018,3,3,18,2803,117,92
2/19/2018,3,3,29,3010,122,91
2/20/2018,3,3,34,3116,114,92
2/21/2018,3,3,21,2931,102,92
2/22/2018,3,3,20,2866,115,95
2/23/2018,3,3,21,3143,120,91
2/24/2018,3,3,38,2950,119,95
2/25/2018,3,3,19,2575,103,91
2/26/2018,3,3,21,3439,114,92
2/27/2018,3,3,32,2566,109,96
2/28/2018,3,3,35,3009,123,96
3/1/2018,3,3,31,2915,113,98
3/2/2018,3,3,35,3084,128,96
3/3/2018,3,3,37,3126,120,93
3/4/2018,3,3,25,2977,107,93
3/5/2018,3,3,32,2922,112,92
3/6/2018,3,3,23,3168,103,98
3/7/2018,3,3,33,3476,106,96
3/8/2018,3,3,25,3312,105,94
3/9/2018,3,3,34,2884,112,96
3/10/2018,3,3,36,2621,114,95
3/11/2018,3,3,18,2600,118,98
3/12/2018,3,3,25,3033,104,97
3/13/2018,3,3,31,2695,105,91
3/14/2018,3,3,27,2872,125,93
3/15/2018,3,3,34,3248,118,97
3/16/2018,3,3,33,2910,103,93
3/17/2018,3,3,40,3032,120,93
3/18/2018,3,3,27,2917,106,97
3/19/2018,3,3,26,2647,120,94
3/20/2018,3,3,30,2684,116,96
3/21/2018,3,3,27,2862,102,97
3/22/2018,3,3,35,2734,104,98
3/23/2018,3,3,31,3187,101,91
3/24/2018,3,3,32,2716,125,96
3/25/2018,3,3,27,2646,114,94
3/26/2018,3,3,26,2546,108,97
3/27/2018,3,3,23,2829,110,95
3/28/2018,3,3,29,2519,104,93
3/29/2018,3,3,32,2739,103,91
3/30/2018,3,3,31,2750,115,92
3/31/2018,3,3,44,2545,122,92
4/1/2018,3,3,27,3368,118,91
4/2/2018,3,3,36,2763,119,94
4/3/2018,3,3,32,2805,113,98
4/4/2018,3,3,51,2631,102,95
4/5/2018,3,3,34,3330,105,95
4/6/2018,3,3,52,3359,101,94
4/7/2018,3,3,40,3151,121,92
4/8/2018,3,3,29,3230,113,98
4/9/2018,3,3,30,2576,125,97
4/10/2018,3,3,33,3283,116,92
4/11/2018,3,3,26,3306,111,97
4/12/2018,3,3,35,3469,116,96
4/13/2018,3,3,51,3118,125,92
4/14/2018,3,3,52,2832,106,97
4/15/2018,3,3,23,3102,123,96
4/16/2018,3,3,36,2725,128,93
4/17/2018,3,3,38,3435,113,92
4/18/2018,3,3,43,2704,124,94
4/19/2018,3,3,34,3493,123,97
4/20/2018,3,3,32,2583,120,94
4/21/2018,3,3,49,2527,105,94
4/22/2018,3,3,38,2580,113,92
4/23/2018,3,3,37,2522,110,97
4/24/2018,3,3,30,3024,113,97
4/25/2018,3,3,36,3268,110,91
4/26/2018,3,3,40,2799,123,93
4/27/2018,3,3,40,3210,123,92
4/28/2018,3,3,35,3061,127,95
4/29/2018,3,3,22,3113,121,93
4/30/2018,3,3,47,2586,114,95
5/1/2018,3,3,46,2866,126,94
5/2/2018,3,3,42,3164,115,93
5/3/2018,3,3,43,3105,115,98
5/4/2018,3,3,47,3320,116,95
5/5/2018,3,3,44,3042,104,93
5/6/2018,3,3,31,2622,104,96
5/7/2018,3,3,39,2561,105,91
5/8/2018,3,3,38,2688,102,91
5/9/2018,3,3,47,2802,116,95
5/10/2018,3,3,31,2883,103,92
5/11/2018,3,3,48,3351,121,98
5/12/2018,3,3,53,2811,119,92
5/13/2018,3,3,29,3293,106,94
5/14/2018,3,3,33,2525,112,96
5/15/2018,3,3,38,3106,127,95
5/16/2018,3,3,43,2926,118,98
5/17/2018,3,3,41,2699,102,93
5/18/2018,3,3,39,3111,108,98
5/19/2018,3,3,37,2944,115,94
5/20/2018,3,3,30,3497,115,93
5/21/2018,3,3,36,2796,110,96
5/22/2018,3,3,30,3061,110,96
5/23/2018,3,3,30,2838,103,98
5/24/2018,3,3,44,2770,112,94
5/25/2018,3,3,54,2839,116,98
5/26/2018,3,3,49,2559,126,96
5/27/2018,3,3,32,2579,120,96
5/28/2018,3,3,46,2791,114,93
5/29/2018,3,3,33,3034,102,94
5/30/2018,3,3,29,3093,127,96
5/31/2018,3,3,39,2926,117,94
6/1/2018,3,3,50,2845,123,98
6/2/2018,3,3,64,2899,117,95
6/3/2018,3,3,37,3377,118,92
6/4/2018,3,3,33,3360,125,97
6/5/2018,3,3,36,2797,116,93
6/6/2018,3,3,45,3261,108,98
6/7/2018,3,3,43,2781,127,94
6/8/2018,3,3,40,3325,112,92
6/9/2018,3,3,47,2788,113,92
6/10/2018,3,3,35,2713,115,92
6/11/2018,3,3,39,3140,106,92
6/12/2018,3,3,45,2599,115,91
6/13/2018,3,3,43,2822,114,97
6/14/2018,3,3,49,2976,108,95
6/15/2018,3,3,47,2643,113,93
6/16/2018,3,3,37,2521,105,98
6/17/2018,3,3,32,3294,126,96
6/18/2018,3,3,34,3135,118,95
6/19/2018,3,3,43,3084,110,96
6/20/2018,3,3,42,2793,111,93
6/21/2018,3,3,42,3381,125,95
6/22/2018,3,3,50,3362,122,97
6/23/2018,3,3,50,2507,120,96
6/24/2018,3,3,38,2662,121,94
6/25/2018,3,3,51,2727,127,96
6/26/2018,3,3,43,2978,127,95
6/27/2018,3,3,49,2754,111,94
6/28/2018,3,3,25,2936,114,93
6/29/2018,3,3,46,3246,127,94
6/30/2018,3,3,49,3141,124,98
7/1/2018,3,3,34,3450,107,93
7/2/2018,3,3,43,3432,111,96
7/3/2018,3,3,38,2576,112,91
7/4/2018,3,3,48,2868,108,94
7/5/2018,3,3,53,2998,119,92
7/6/2018,3,3,44,2614,120,95
7/7/2018,3,3,66,2600,122,91
7/8/2018,3,3,48,3079,117,97
7/9/2018,3,3,40,2947,128,95
7/10/2018,3,3,39,2824,126,95
7/11/2018,3,3,54,2666,108,98
7/12/2018,3,3,41,2939,112,94
7/13/2018,3,3,54,3377,120,94
7/14/2018,3,3,52,2941,112,94
7/15/2018,3,3,29,3087,126,98
7/16/2018,3,3,41,3194,124,98
7/17/2018,3,3,36,2942,115,92
7/18/2018,3,3,47,2525,115,95
7/19/2018,3,3,45,2684,125,95
7/20/2018,3,3,58,3209,125,94
7/21/2018,3,3,52,2949,117,94
7/22/2018,3,3,36,3475,109,95
7/23/2018,3,3,48,3047,112,93
7/24/2018,3,3,48,2821,120,91
7/25/2018,3,3,51,3477,108,93
7/26/2018,3,3,38,2717,111,97
7/27/2018,3,3,46,3302,128,94
7/28/2018,3,3,40,3031,115,95
7/29/2018,3,3,44,3393,119,97
7/30/2018,3,3,30,2912,107,96
7/31/2018,3,3,37,2796,115,98
8/1/2018,3,3,46,2562,113,95
8/2/2018,3,3,53,3159,118,96
8/3/2018,3,3,36,2933,120,95
8/4/2018,3,3,46,2970,111,92
8/5/2018,3,3,36,3264,101,92
8/6/2018,3,3,28,2772,115,98
8/7/2018,3,3,38,2990,105,98
8/8/2018,3,3,42,3297,122,92
8/9/2018,3,3,43,3243,115,92
8/10/2018,3,3,49,2956,104,95
8/11/2018,3,3,44,2688,121,93
8/12/2018,3,3,39,3150,125,97
8/13/2018,3,3,36,2808,112,96
8/14/2018,3,3,31,2681,128,92
8/15/2018,3,3,42,2542,107,95
8/16/2018,3,3,35,3211,123,94
8/17/2018,3,3,45,2612,124,94
8/18/2018,3,3,56,2939,102,91
8/19/2018,3,3,40,2548,127,93
8/20/2018,3,3,33,3481,117,91
8/21/2018,3,3,36,2680,107,91
8/22/2018,3,3,41,3154,113,92
8/23/2018,3,3,41,2661,101,97
8/24/2018,3,3,34,3488,121,96
8/25/2018,3,3,44,2772,126,92
8/26/2018,3,3,31,2920,102,96
8/27/2018,3,3,48,2598,115,93
8/28/2018,3,3,28,2603,111,97
8/29/2018,3,3,37,2586,110,94
8/30/2018,3,3,44,2733,125,94
8/31/2018,3,3,34,2803,107,93
9/1/2018,3,3,45,2555,124,96
9/2/2018,3,3,28,2945,101,93
9/3/2018,3,3,26,2865,116,94
9/4/2018,3,3,28,3335,115,93
9/5/2018,3,3,39,2738,125,98
9/6/2018,3,3,37,2955,125,92
9/7/2018,3,3,40,3260,115,93
9/8/2018,3,3,39,2935,127,95
9/9/2018,3,3,20,3294,121,91
9/10/2018,3,3,33,2954,122,93
9/11/2018,3,3,41,3268,104,93
9/12/2018,3,3,20,3377,107,93
9/13/2018,3,3,40,3099,108,97
9/14/2018,3,3,42,3410,108,96
9/15/2018,3,3,32,2531,125,98
9/16/2018,3,3,29,2606,127,93
9/17/2018,3,3,35,2544,120,97
9/18/2018,3,3,29,2931,107,92
9/19/2018,3,3,29,2747,114,93
9/20/2018,3,3,34,3262,106,91
9/21/2018,3,3,47,2775,114,92
9/22/2018,3,3,41,2689,101,98
9/23/2018,3,3,33,2786,121,92
9/24/2018,3,3,37,2694,113,98
9/25/2018,3,3,37,3298,125,92
9/26/2018,3,3,42,2604,115,95
9/27/2018,3,3,32,3026,118,91
9/28/2018,3,3,44,3327,109,96
9/29/2018,3,3,39,3027,115,94
9/30/2018,3,3,34,3438,102,94
10/1/2018,3,3,34,2652,115,92
10/2/2018,3,3,31,2572,122,98
10/3/2018,3,3,40,2678,107,95
10/4/2018,3,3,41,2981,115,95
10/5/2018,3,3,38,2899,128,94
10/6/2018,3,3,37,2748,104,91
10/7/2018,3,3,33,2973,116,98
10/8/2018,3,3,37,3262,126,94
10/9/2018,3,3,30,3334,118,91
10/10/2018,3,3,36,2998,122,96
10/11/2018,3,3,42,3488,117,93
10/12/2018,3,3,37,2832,109,93
10/13/2018,3,3,42,2749,119,98
10/14/2018,3,3,25,2892,110,96
10/15/2018,3,3,30,2713,108,92
10/16/2018,3,3,28,3418,102,94
10/17/2018,3,3,31,3450,109,96
10/18/2018,3,3,28,2889,108,93
10/19/2018,3,3,33,3090,118,93
10/20/2018,3,3,35,2536,110,91
10/21/2018,3,3,33,3413,118,92
10/22/2018,3,3,28,3290,119,91
10/23/2018,3,3,30,2517,117,93
10/24/2018,3,3,35,3102,120,94
10/25/2018,3,3,30,3344,110,97
10/26/2018,3,3,37,3459,101,91
10/27/2018,3,3,54,3378,128,94
10/28/2018,3,3,29,2876,109,92
10/29/2018,3,3,27,3053,114,95
10/30/2018,3,3,27,2534,115,94
10/31/2018,3,3,35,2878,126,94
11/1/2018,3,3,37,2757,108,96
11/2/2018,3,3,46,3367,127,92
11/3/2018,3,3,40,2650,113,91
11/4/2018,3,3,44,3500,109,94
11/5/2018,3,3,32,2678,110,94
11/6/2018,3,3,36,2562,126,97
11/7/2018,3,3,37,2670,120,93
11/8/2018,3,3,44,2772,102,94
11/9/2018,3,3,46,3469,124,97
11/10/2018,3,3,42,2889,124,93
11/11/2018,3,3,29,3063,126,95
11/12/2018,3,3,31,2960,123,91
11/13/2018,3,3,43,3481,114,97
11/14/2018,3,3,39,3037,122,97
11/15/2018,3,3,28,3337,105,98
11/16/2018,3,3,38,2621,121,96
11/17/2018,3,3,38,2693,102,94
11/18/2018,3,3,20,3430,110,92
11/19/2018,3,3,30,2946,117,98
11/20/2018,3,3,43,2577,110,95
11/21/2018,3,3,35,3141,127,95
11/22/2018,3,3,39,2578,126,98
11/23/2018,3,3,47,2606,117,92
11/24/2018,3,3,45,3390,116,96
11/25/2018,3,3,20,3407,116,92
11/26/2018,3,3,40,2516,104,95
11/27/2018,3,3,35,2879,113,93
11/28/2018,3,3,37,3444,116,95
11/29/2018,3,3,40,2931,118,97
11/30/2018,3,3,35,2539,109,98
12/1/2018,3,3,28,2765,112,93
12/2/2018,3,3,30,3048,116,92
12/3/2018,3,3,20,3033,103,94
12/4/2018,3,3,28,2731,124,94
12/5/2018,3,3,20,3199,105,94
12/6/2018,3,3,21,3475,121,97
12/7/2018,3,3,24,3037,118,92
12/8/2018,3,3,31,2541,103,98
12/9/2018,3,3,20,2720,126,98
12/10/2018,3,3,31,3197,124,95
12/11/2018,3,3,25,3284,122,96
12/12/2018,3,3,36,2969,111,98
12/13/2018,3,3,21,2672,116,92
12/14/2018,3,3,32,2654,127,91
12/15/2018,3,3,30,3148,107,94
12/16/2018,3,3,23,3187,105,95
12/17/2018,3,3,25,3427,127,92
12/18/2018,3,3,25,2575,121,94
12/19/2018,3,3,29,3210,125,97
12/20/2018,3,3,34,3222,121,93
12/21/2018,3,3,30,3334,101,94
12/22/2018,3,3,29,2533,105,96
12/23/2018,3,3,17,3336,104,92
12/24/2018,3,3,21,2602,124,92
12/25/2018,3,3,31,2839,111,97
12/26/2018,3,3,21,2872,113,95
12/27/2018,3,3,28,3130,106,94
12/28/2018,3,3,32,2542,123,92
12/29/2018,3,3,29,3169,115,96
12/30/2018,3,3,21,3277,102,97
12/31/2018,3,3,23,3209,115,94
1/1/2019,3,3,21,2546,101,98
1/2/2019,3,3,22,3310,118,94
1/3/2019,3,3,27,2588,101,94
1/4/2019,3,3,35,2724,105,96
1/5/2019,3,3,33,2631,121,97
1/6/2019,3,3,20,3310,111,96
1/7/2019,3,3,15,3137,117,95
1/8/2019,3,3,22,3458,112,93
1/9/2019,3,3,25,2824,109,97
1/10/2019,3,3,32,2982,128,94
1/11/2019,3,3,27,2519,109,92
1/12/2019,3,3,37,3466,109,93
1/13/2019,3,3,25,2821,117,98
1/14/2019,3,3,27,2928,118,91
1/15/2019,3,3,24,2549,128,98
1/16/2019,3,3,31,2868,111,98
1/17/2019,3,3,35,3178,110,93
1/18/2019,3,3,37,3039,109,96
1/19/2019,3,3,27,2564,106,91
1/20/2019,3,3,16,2651,106,97
1/21/2019,3,3,37,3057,108,91
1/22/2019,3,3,28,3385,128,97
1/23/2019,3,3,19,3092,116,91
1/24/2019,3,3,34,3332,122,94
1/25/2019,3,3,31,3147,113,94
1/26/2019,3,3,26,3416,104,91
1/27/2019,3,3,16,2890,125,98
1/28/2019,3,3,20,2654,112,98
1/29/2019,3,3,28,2835,101,93
1/30/2019,3,3,30,2848,112,93
1/31/2019,3,3,26,3335,112,93
2/1/2019,3,3,33,3196,103,93
2/2/2019,3,3,40,3240,121,95
2/3/2019,3,3,24,3218,120,95
2/4/2019,3,3,22,3102,122,93
2/5/2019,3,3,24,3220,118,98
2/6/2019,3,3,28,3048,120,97
2/7/2019,3,3,42,3460,126,96
2/8/2019,3,3,35,2852,112,96
2/9/2019,3,3,35,2678,118,98
2/10/2019,3,3,27,3471,118,91
2/11/2019,3,3,23,3206,124,92
2/12/2019,3,3,24,3070,117,93
2/13/2019,3,3,29,3423,116,95
2/14/2019,3,3,30,2881,122,95
2/15/2019,3,3,32,2765,107,95
2/16/2019,3,3,27,3318,114,97
2/17/2019,3,3,23,2762,126,91
2/18/2019,3,3,18,2546,126,94
2/19/2019,3,3,30,2592,124,97
2/20/2019,3,3,32,2875,118,96
2/21/2019,3,3,42,3275,108,92
2/22/2019,3,3,45,2585,115,91
2/23/2019,3,3,43,2789,106,95
2/24/2019,3,3,27,2984,125,92
2/25/2019,3,3,27,2853,125,97
2/26/2019,3,3,27,2874,115,93
2/27/2019,3,3,27,2606,121,96
2/28/2019,3,3,31,2511,127,91
3/1/2019,3,3,40,2696,126,98
3/2/2019,3,3,36,2901,103,95
3/3/2019,3,3,25,2841,105,95
3/4/2019,3,3,37,2960,106,92
3/5/2019,3,3,28,2715,116,94
3/6/2019,3,3,32,3379,118,91
3/7/2019,3,3,38,3342,118,94
3/8/2019,3,3,50,2987,101,98
3/9/2019,3,3,58,2862,110,97
3/10/2019,3,3,30,2645,112,97
3/11/2019,3,3,29,2725,109,98
3/12/2019,3,3,30,2876,111,92
3/13/2019,3,3,28,2735,117,98
3/14/2019,3,3,22,2887,121,91
3/15/2019,3,3,40,2591,112,92
3/16/2019,3,3,46,3365,122,91
3/17/2019,3,3,27,3178,103,91
3/18/2019,3,3,33,3114,101,97
3/19/2019,3,3,36,3344,124,98
3/20/2019,3,3,33,3341,125,94
3/21/2019,3,3,41,3422,109,94
3/22/2019,3,3,34,2556,118,91
3/23/2019,3,3,62,3104,105,96
3/24/2019,3,3,32,3167,103,96
3/25/2019,3,3,26,3403,126,98
3/26/2019,3,3,38,2664,127,96
3/27/2019,3,3,34,3350,125,92
3/28/2019,3,3,45,3236,122,96
3/29/2019,3,3,54,2965,120,95
3/30/2019,3,3,40,3059,126,95
3/31/2019,3,3,23,3008,113,92
4/1/2019,3,3,41,3407,103,92
4/2/2019,3,3,42,3028,112,94
4/3/2019,3,3,45,3276,115,97
4/4/2019,3,3,41,3158,108,94
4/5/2019,3,3,44,3059,103,96
4/6/2019,3,3,51,3315,127,95
4/7/2019,3,3,23,2603,104,94
4/8/2019,3,3,46,3122,113,98
4/9/2019,3,3,43,2844,127,94
4/10/2019,3,3,32,3335,117,96
4/11/2019,3,3,32,2727,107,97
4/12/2019,3,3,51,3222,122,92
4/13/2019,3,3,50,2750,123,92
4/14/2019,3,3,31,2726,123,92
4/15/2019,3,3,40,3453,115,93
4/16/2019,3,3,41,2980,111,97
4/17/2019,3,3,40,2852,104,95
4/18/2019,3,3,37,3293,121,97
4/19/2019,3,3,47,2660,114,95
4/20/2019,3,3,56,3121,105,97
4/21/2019,3,3,29,2596,121,93
4/22/2019,3,3,38,3388,113,98
4/23/2019,3,3,34,3211,125,97
4/24/2019,3,3,43,3058,113,93
4/25/2019,3,3,60,2747,120,96
4/26/2019,3,3,49,3147,113,97
4/27/2019,3,3,55,3077,108,98
4/28/2019,3,3,35,3204,123,96
4/29/2019,3,3,43,2825,101,96
4/30/2019,3,3,36,3387,118,93
5/1/2019,3,3,35,2549,118,92
5/2/2019,3,3,43,3399,125,93
5/3/2019,3,3,44,2648,101,96
5/4/2019,3,3,52,2763,113,92
5/5/2019,3,3,37,2681,108,97
5/6/2019,3,3,50,2540,108,98
5/7/2019,3,3,45,3028,107,98
5/8/2019,3,3,43,3211,107,92
5/9/2019,3,3,55,2797,108,97
5/10/2019,3,3,57,2633,127,98
5/11/2019,3,3,77,2842,112,92
5/12/2019,3,3,33,3128,109,94
5/13/2019,3,3,49,2515,122,93
5/14/2019,3,3,35,3305,119,94
5/15/2019,3,3,42,3386,101,97
5/16/2019,3,3,53,2737,121,96
5/17/2019,3,3,56,2989,101,94
5/18/2019,3,3,66,2701,119,91
5/19/2019,3,3,37,3328,109,92
5/20/2019,3,3,41,3277,103,95
5/21/2019,3,3,37,3287,126,96
5/22/2019,3,3,41,3264,119,95
5/23/2019,3,3,45,3243,114,97
5/24/2019,3,3,52,2902,128,96
5/25/2019,3,3,47,2574,124,92
5/26/2019,3,3,41,2938,112,95
5/27/2019,3,3,38,2598,127,93
5/28/2019,3,3,43,3115,114,91
5/29/2019,3,3,44,3222,128,93
5/30/2019,3,3,52,2651,101,95
5/31/2019,3,3,53,3089,105,96
6/1/2019,3,3,69,2512,117,94
6/2/2019,3,3,32,2660,112,93
6/3/2019,3,3,42,3288,115,92
6/4/2019,3,3,55,2650,125,92
6/5/2019,3,3,45,2890,104,94
6/6/2019,3,3,66,3233,117,92
6/7/2019,3,3,56,3252,105,98
6/8/2019,3,3,60,3175,112,94
6/9/2019,3,3,43,3380,110,94
6/10/2019,3,3,47,2670,101,93
6/11/2019,3,3,47,3469,121,95
6/12/2019,3,3,37,2638,104,96
6/13/2019,3,3,63,3201,110,94
6/14/2019,3,3,66,2892,117,91
6/15/2019,3,3,69,3144,124,93
6/16/2019,3,3,35,2766,111,98
6/17/2019,3,3,42,3069,115,98
6/18/2019,3,3,45,3035,114,98
6/19/2019,3,3,50,2715,112,93
6/20/2019,3,3,53,3171,125,91
6/21/2019,3,3,47,2515,104,98
6/22/2019,3,3,66,2904,128,98
6/23/2019,3,3,28,2804,121,95
6/24/2019,3,3,48,2897,118,93
6/25/2019,3,3,44,3333,119,96
6/26/2019,3,3,37,3256,125,96
6/27/2019,3,3,41,3352,115,92
6/28/2019,3,3,56,3478,128,95
6/29/2019,3,3,51,3294,107,95
6/30/2019,3,3,30,3484,125,98
7/1/2019,3,3,46,3360,105,95
7/2/2019,3,3,38,3413,120,92
7/3/2019,3,3,44,3427,114,95
7/4/2019,3,3,55,2699,117,97
7/5/2019,3,3,65,3371,102,91
7/6/2019,3,3,69,2565,102,94
7/7/2019,3,3,42,3283,104,95
7/8/2019,3,3,36,2775,104,94
7/9/2019,3,3,50,3152,119,98
7/10/2019,3,3,49,3197,118,94
7/11/2019,3,3,51,3145,112,94
7/12/2019,3,3,44,2601,125,97
7/13/2019,3,3,66,2880,124,94
7/14/2019,3,3,30,3134,108,95
7/15/2019,3,3,43,3460,112,95
7/16/2019,3,3,32,2565,128,92
7/17/2019,3,3,59,2936,115,91
7/18/2019,3,3,58,2697,127,94
7/19/2019,3,3,73,3182,121,98
7/20/2019,3,3,56,3385,127,92
7/21/2019,3,3,51,2993,103,91
7/22/2019,3,3,45,3149,105,94
7/23/2019,3,3,43,2620,117,94
7/24/2019,3,3,57,2720,115,93
7/25/2019,3,3,55,2726,113,96
7/26/2019,3,3,48,2796,116,92
7/27/2019,3,3,53,3263,104,96
7/28/2019,3,3,39,3449,114,95
7/29/2019,3,3,34,3185,105,93
7/30/2019,3,3,49,3036,119,97
7/31/2019,3,3,61,3205,111,93
8/1/2019,3,3,43,3117,116,93
8/2/2019,3,3,38,2545,106,92
8/3/2019,3,3,61,2558,107,97
8/4/2019,3,3,34,3238,111,96
8/5/2019,3,3,49,2647,120,91
8/6/2019,3,3,41,3215,120,97
8/7/2019,3,3,40,2929,107,96
8/8/2019,3,3,49,2805,110,96
8/9/2019,3,3,52,2725,113,92
8/10/2019,3,3,56,2976,120,98
8/11/2019,3,3,50,3158,124,92
8/12/2019,3,3,42,3320,118,95
8/13/2019,3,3,39,2521,125,98
8/14/2019,3,3,36,2765,106,92
8/15/2019,3,3,52,3025,120,96
8/16/2019,3,3,74,2719,105,93
8/17/2019,3,3,53,2871,110,98
8/18/2019,3,3,37,2730,128,97
8/19/2019,3,3,30,2639,113,94
8/20/2019,3,3,63,2682,117,92
8/21/2019,3,3,38,2807,124,93
8/22/2019,3,3,52,2629,128,92
8/23/2019,3,3,46,2650,112,91
8/24/2019,3,3,61,2840,113,95
8/25/2019,3,3,43,3372,115,96
8/26/2019,3,3,59,3233,101,97
8/27/2019,3,3,40,2954,119,93
8/28/2019,3,3,48,2731,125,93
8/29/2019,3,3,41,3490,105,93
8/30/2019,3,3,53,2894,113,97
8/31/2019,3,3,58,3290,128,92
9/1/2019,3,3,42,3437,124,98
9/2/2019,3,3,48,2844,127,96
9/3/2019,3,3,37,3362,101,94
9/4/2019,3,3,44,3246,117,95
9/5/2019,3,3,44,3031,112,96
9/6/2019,3,3,36,3363,113,94
9/7/2019,3,3,49,2500,108,98
9/8/2019,3,3,32,3481,115,93
9/9/2019,3,3,37,2650,102,91
9/10/2019,3,3,42,2948,110,96
9/11/2019,3,3,44,2535,112,95
9/12/2019,3,3,39,2618,110,93
9/13/2019,3,3,46,3149,118,98
9/14/2019,3,3,58,3481,106,98
9/15/2019,3,3,27,3301,125,93
9/16/2019,3,3,38,2528,118,92
9/17/2019,3,3,51,2834,116,94
9/18/2019,3,3,48,3055,128,97
9/19/2019,3,3,39,2682,102,92
9/20/2019,3,3,47,2660,114,94
9/21/2019,3,3,43,2858,128,92
9/22/2019,3,3,31,2720,112,92
9/23/2019,3,3,24,3471,103,95
9/24/2019,3,3,44,3337,122,97
9/25/2019,3,3,44,2565,119,92
9/26/2019,3,3,58,3434,125,98
9/27/2019,3,3,50,3081,116,95
9/28/2019,3,3,51,3409,120,98
9/29/2019,3,3,27,2975,116,91
9/30/2019,3,3,41,3408,106,91
10/1/2019,3,3,25,3215,128,93
10/2/2019,3,3,39,2557,128,96
10/3/2019,3,3,38,3471,128,94
10/4/2019,3,3,45,2948,119,91
10/5/2019,3,3,52,3439,109,96
10/6/2019,3,3,27,2918,117,96
10/7/2019,3,3,49,3301,126,91
10/8/2019,3,3,29,2522,115,91
10/9/2019,3,3,41,3116,109,98
10/10/2019,3,3,43,3170,123,95
10/11/2019,3,3,57,2776,119,98
10/12/2019,3,3,51,2772,121,91
10/13/2019,3,3,31,2829,101,95
10/14/2019,3,3,34,2759,126,98
10/15/2019,3,3,24,3118,128,91
10/16/2019,3,3,40,3374,120,93
10/17/2019,3,3,30,2705,109,92
10/18/2019,3,3,55,3264,122,96
10/19/2019,3,3,44,2608,111,98
10/20/2019,3,3,37,2526,110,91
10/21/2019,3,3,29,3315,120,92
10/22/2019,3,3,40,3143,111,94
10/23/2019,3,3,39,3410,106,95
10/24/2019,3,3,46,3052,111,96
10/25/2019,3,3,43,3053,116,96
10/26/2019,3,3,43,3276,126,93
10/27/2019,3,3,40,3040,106,94
10/28/2019,3,3,37,2731,113,91
10/29/2019,3,3,39,3476,109,98
10/30/2019,3,3,37,3196,113,95
10/31/2019,3,3,39,3003,111,96
11/1/2019,3,3,46,3448,111,95
11/2/2019,3,3,57,3304,116,95
11/3/2019,3,3,50,2842,121,94
11/4/2019,3,3,36,2503,118,96
11/5/2019,3,3,44,2865,118,95
11/6/2019,3,3,40,3060,121,98
11/7/2019,3,3,45,3382,112,94
11/8/2019,3,3,54,3054,114,97
11/9/2019,3,3,42,3026,128,98
11/10/2019,3,3,35,2753,128,98
11/11/2019,3,3,34,2515,124,95
11/12/2019,3,3,43,3133,125,93
11/13/2019,3,3,46,2956,126,95
11/14/2019,3,3,43,3193,111,95
11/15/2019,3,3,47,3192,106,97
11/16/2019,3,3,41,2602,126,93
11/17/2019,3,3,32,3304,102,92
11/18/2019,3,3,39,2740,123,93
11/19/2019,3,3,31,3342,116,93
11/20/2019,3,3,43,3269,115,94
11/21/2019,3,3,41,2688,124,93
11/22/2019,3,3,35,3265,113,94
11/23/2019,3,3,46,3479,108,94
11/24/2019,3,3,28,3145,122,93
11/25/2019,3,3,36,3010,109,97
11/26/2019,3,3,43,2559,108,98
11/27/2019,3,3,35,2881,118,98
11/28/2019,3,3,39,3161,104,97
11/29/2019,3,3,54,3399,113,94
11/30/2019,3,3,44,2992,119,91
12/1/2019,3,3,24,3226,108,97
12/2/2019,3,3,30,3345,125,97
12/3/2019,3,3,29,3425,103,94
12/4/2019,3,3,26,3159,101,98
12/5/2019,3,3,27,3138,126,91
12/6/2019,3,3,25,2914,116,92
12/7/2019,3,3,43,3447,105,93
12/8/2019,3,3,23,2684,105,94
12/9/2019,3,3,31,2565,104,98
12/10/2019,3,3,26,3107,116,95
12/11/2019,3,3,30,3236,121,94
12/12/2019,3,3,30,3348,113,97
12/13/2019,3,3,38,2926,127,92
12/14/2019,3,3,26,2742,115,93
12/15/2019,3,3,17,3236,117,94
12/16/2019,3,3,35,2935,101,91
12/17/2019,3,3,32,3125,115,94
12/18/2019,3,3,38,3336,119,95
12/19/2019,3,3,35,2826,120,97
12/20/2019,3,3,44,3228,107,96
12/21/2019,3,3,32,2932,123,97
12/22/2019,3,3,22,3094,121,96
12/23/2019,3,3,30,3438,113,98
12/24/2019,3,3,27,3012,101,95
12/25/2019,3,3,33,2771,102,95
12/26/2019,3,3,32,2684,112,97
12/27/2019,3,3,30,3412,112,96
12/28/2019,3,3,39,2557,116,95
12/29/2019,3,3,22,2605,108,93
12/30/2019,3,3,39,3039,116,94
12/31/2019,3,3,28,3297,128,96
1/1/2020,3,3,36,2993,112,91
1/2/2020,3,3,35,3232,101,94
1/3/2020,3,3,34,2712,120,94
1/4/2020,3,3,28,2522,107,96
1/5/2020,3,3,29,3121,124,91
1/6/2020,3,3,22,3458,113,91
1/7/2020,3,3,39,2692,127,96
1/8/2020,3,3,29,2548,127,93
1/9/2020,3,3,27,2642,106,96
1/10/2020,3,3,24,3469,123,93
1/11/2020,3,3,19,2791,103,94
1/12/2020,3,3,38,3447,112,92
1/13/2020,3,3,20,2686,119,96
1/14/2020,3,3,31,3309,118,94
1/15/2020,3,3,15,2867,107,91
1/16/2020,3,3,32,2675,110,97
1/17/2020,3,3,34,3327,127,95
1/18/2020,3,3,35,2607,120,96
1/19/2020,3,3,17,2858,111,92
1/20/2020,3,3,27,2758,123,91
1/21/2020,3,3,31,2994,107,94
1/22/2020,3,3,32,3329,117,93
1/23/2020,3,3,27,3306,117,92
1/24/2020,3,3,31,3150,113,92
1/25/2020,3,3,32,2620,124,94
1/26/2020,3,3,24,2765,103,93
1/27/2020,3,3,25,3347,116,98
1/28/2020,3,3,37,3369,118,94
1/29/2020,3,3,29,2930,109,92
1/30/2020,3,3,30,2685,103,94
1/31/2020,3,3,27,3043,118,97
2/1/2020,3,3,34,3259,125,94
2/2/2020,3,3,24,2929,103,95
2/3/2020,3,3,30,3369,117,95
2/4/2020,3,3,29,3302,107,98
2/5/2020,3,3,24,3338,118,98
2/6/2020,3,3,28,3172,107,93
2/7/2020,3,3,24,3145,116,91
2/8/2020,3,3,40,2871,121,91
2/9/2020,3,3,42,3178,114,93
2/10/2020,3,3,34,3494,127,98
2/11/2020,3,3,19,3215,120,95
2/12/2020,3,3,28,3428,106,94
2/13/2020,3,3,33,2568,115,95
2/14/2020,3,3,36,3105,101,96
2/15/2020,3,3,31,2511,116,93
2/16/2020,3,3,28,2679,125,98
2/17/2020,3,3,36,2618,110,96
2/18/2020,3,3,27,3065,116,98
2/19/2020,3,3,24,2783,107,98
2/20/2020,3,3,37,3151,101,95
2/21/2020,3,3,45,3157,102,91
2/22/2020,3,3,26,3326,123,94
2/23/2020,3,3,30,3148,108,97
2/24/2020,3,3,30,2936,109,97
2/25/2020,3,3,37,2979,120,93
2/26/2020,3,3,37,3101,126,93
2/27/2020,3,3,28,2773,128,96
2/28/2020,3,3,31,2784,111,91
3/1/2020,3,3,48,3323,108,95
3/2/2020,3,3,33,2649,117,92
3/3/2020,3,3,31,2930,128,96
3/4/2020,3,3,33,2949,124,94
3/5/2020,3,3,44,2582,119,97
3/6/2020,3,3,36,2510,125,98
3/7/2020,3,3,52,3007,126,92
3/8/2020,3,3,47,3309,127,91
3/9/2020,3,3,18,3334,119,98
3/10/2020,3,3,34,2972,109,95
3/11/2020,3,3,36,2822,120,91
3/12/2020,3,3,44,3424,110,97
3/13/2020,3,3,52,3141,114,96
3/14/2020,3,3,37,3342,106,93
3/15/2020,3,3,52,2736,107,92
3/16/2020,3,3,26,3448,118,91
3/17/2020,3,3,19,3067,119,95
3/18/2020,3,3,29,3108,122,93
3/19/2020,3,3,31,2751,119,93
3/20/2020,3,3,43,2933,122,92
3/21/2020,3,3,49,3153,103,98
3/22/2020,3,3,52,3154,103,96
3/23/2020,3,3,30,2858,120,92
3/24/2020,3,3,34,2508,118,97
3/25/2020,3,3,31,3245,127,93
3/26/2020,3,3,28,2551,117,93
3/27/2020,3,3,38,2578,107,97
3/28/2020,3,3,48,2696,119,92
3/29/2020,3,3,47,2751,123,95
3/30/2020,3,3,35,2883,126,92
3/31/2020,3,3,35,3003,108,96
4/1/2020,3,3,49,2707,103,92
4/2/2020,3,3,39,3220,107,94
4/3/2020,3,3,47,3034,108,96
4/4/2020,3,3,49,2541,128,97
4/5/2020,3,3,42,2759,102,97
4/6/2020,3,3,49,3085,113,98
4/7/2020,3,3,41,2796,126,92
4/8/2020,3,3,51,3497,101,91
4/9/2020,3,3,50,2743,120,96
4/10/2020,3,3,61,2558,123,93
4/11/2020,3,3,45,3215,121,94
4/12/2020,3,3,50,3131,114,97
4/13/2020,3,3,43,3127,116,97
4/14/2020,3,3,39,2767,104,98
4/15/2020,3,3,39,2750,109,96
4/16/2020,3,3,47,2517,117,91
4/17/2020,3,3,52,3281,124,95
4/18/2020,3,3,57,2735,114,98
4/19/2020,3,3,62,2554,111,91
4/20/2020,3,3,42,2857,114,96
4/21/2020,3,3,34,2543,101,98
4/22/2020,3,3,28,3255,119,97
4/23/2020,3,3,37,3096,107,95
4/24/2020,3,3,52,3113,102,98
4/25/2020,3,3,50,2735,104,98
4/26/2020,3,3,55,2666,106,98
4/27/2020,3,3,29,3248,127,95
4/28/2020,3,3,32,2789,111,94
4/29/2020,3,3,39,3467,122,98
4/30/2020,3,3,31,3265,124,95
5/1/2020,3,3,45,2537,108,93
5/2/2020,3,3,49,2513,104,93
5/3/2020,3,3,52,3253,102,97
5/4/2020,3,3,45,3242,123,94
5/5/2020,3,3,44,3374,126,94
5/6/2020,3,3,37,3156,111,95
5/7/2020,3,3,48,3313,117,93
5/8/2020,3,3,46,2809,126,95
5/9/2020,3,3,52,2926,102,95
5/10/2020,3,3,49,3285,105,95
5/11/2020,3,3,35,3246,109,94
5/12/2020,3,3,43,3014,101,91
5/13/2020,3,3,41,2971,106,95
5/14/2020,3,3,60,3476,113,95
5/15/2020,3,3,48,2549,124,92
5/16/2020,3,3,51,2630,104,98
5/17/2020,3,3,50,2793,119,91
5/18/2020,3,3,44,2891,120,94
5/19/2020,3,3,54,2979,107,97
5/20/2020,3,3,37,2693,121,93
5/21/2020,3,3,54,3379,114,98
5/22/2020,3,3,44,3145,117,95
5/23/2020,3,3,53,3498,123,94
5/24/2020,3,3,57,3443,101,97
5/25/2020,3,3,45,3030,117,97
5/26/2020,3,3,46,3328,105,98
5/27/2020,3,3,40,3066,102,94
5/28/2020,3,3,37,3392,113,95
5/29/2020,3,3,64,3068,104,98
5/30/2020,3,3,42,2583,108,94
5/31/2020,3,3,53,3452,122,98
6/1/2020,3,3,49,3471,107,97
6/2/2020,3,3,54,2792,107,92
6/3/2020,3,3,62,3254,115,96
6/4/2020,3,3,54,3144,128,97
6/5/2020,3,3,51,3458,105,94
6/6/2020,3,3,62,2543,125,94
6/7/2020,3,3,58,3258,121,96
6/8/2020,3,3,45,3249,119,96
6/9/2020,3,3,60,3104,118,96
6/10/2020,3,3,45,2757,105,98
6/11/2020,3,3,46,3256,121,93
6/12/2020,3,3,50,3122,105,94
6/13/2020,3,3,60,3113,106,96
6/14/2020,3,3,72,3182,120,93
6/15/2020,3,3,31,3075,102,91
6/16/2020,3,3,48,2529,112,94
6/17/2020,3,3,38,3293,115,92
6/18/2020,3,3,56,3458,111,93
6/19/2020,3,3,51,3233,111,98
6/20/2020,3,3,57,3237,127,92
6/21/2020,3,3,48,3240,103,94
6/22/2020,3,3,51,3152,102,95
6/23/2020,3,3,53,3182,122,96
6/24/2020,3,3,52,2790,125,94
6/25/2020,3,3,45,3362,111,94
6/26/2020,3,3,54,2709,101,96
6/27/2020,3,3,47,3105,116,98
6/28/2020,3,3,59,3271,111,91
6/29/2020,3,3,42,3043,118,93
6/30/2020,3,3,48,2907,118,93
7/1/2020,3,3,44,3358,126,95
7/2/2020,3,3,37,3237,104,91
7/3/2020,3,3,52,3414,105,92
7/4/2020,3,3,59,2585,128,93
7/5/2020,3,3,58,2880,105,98
7/6/2020,3,3,51,2524,107,95
7/7/2020,3,3,61,3336,106,92
7/8/2020,3,3,52,3009,117,91
7/9/2020,3,3,44,2662,106,93
7/10/2020,3,3,55,2585,109,97
7/11/2020,3,3,55,2567,117,93
7/12/2020,3,3,62,2722,123,95
7/13/2020,3,3,45,3419,115,94
7/14/2020,3,3,43,3066,123,92
7/15/2020,3,3,64,3478,118,95
7/16/2020,3,3,43,3478,128,97
7/17/2020,3,3,59,3324,121,91
7/18/2020,3,3,48,3436,103,95
7/19/2020,3,3,71,2768,126,98
7/20/2020,3,3,46,3166,110,96
7/21/2020,3,3,43,2971,101,93
7/22/2020,3,3,67,3023,104,98
7/23/2020,3,3,42,2719,127,94
7/24/2020,3,3,61,2544,107,92
7/25/2020,3,3,71,3024,121,91
7/26/2020,3,3,64,2798,105,98
7/27/2020,3,3,51,3489,111,92
7/28/2020,3,3,58,3248,122,93
7/29/2020,3,3,51,3362,114,91
7/30/2020,3,3,51,2856,111,98
7/31/2020,3,3,53,2600,121,92
8/1/2020,3,3,45,2569,118,98
8/2/2020,3,3,64,2795,125,96
8/3/2020,3,3,41,2768,122,94
8/4/2020,3,3,39,2661,126,91
8/5/2020,3,3,43,3009,125,94
8/6/2020,3,3,51,3090,119,91
8/7/2020,3,3,57,3279,114,92
8/8/2020,3,3,49,3010,107,98
8/9/2020,3,3,53,3411,111,96
8/10/2020,3,3,46,2969,121,95
8/11/2020,3,3,40,2541,122,93
8/12/2020,3,3,30,3219,119,95
8/13/2020,3,3,55,3467,103,95
8/14/2020,3,3,49,3021,122,92
8/15/2020,3,3,54,2565,109,95
8/16/2020,3,3,62,3464,121,93
8/17/2020,3,3,31,2760,109,93
8/18/2020,3,3,43,3415,121,94
8/19/2020,3,3,43,3435,105,93
8/20/2020,3,3,49,3245,127,95
8/21/2020,3,3,59,2665,116,94
8/22/2020,3,3,53,3451,127,91
8/23/2020,3,3,70,3052,128,94
8/24/2020,3,3,43,2872,113,93
8/25/2020,3,3,30,3400,103,96
8/26/2020,3,3,44,2742,122,92
8/27/2020,3,3,52,2579,117,97
8/28/2020,3,3,55,2687,121,92
8/29/2020,3,3,53,3469,124,97
8/30/2020,3,3,55,3032,125,92
8/31/2020,3,3,34,3378,109,98
9/1/2020,3,3,37,2912,128,92
9/2/2020,3,3,51,2745,128,97
9/3/2020,3,3,43,3454,117,96
9/4/2020,3,3,37,3144,127,92
9/5/2020,3,3,55,3302,118,96
9/6/2020,3,3,57,2806,122,96
9/7/2020,3,3,33,3015,104,95
9/8/2020,3,3,46,3334,102,94
9/9/2020,3,3,39,3260,114,91
9/10/2020,3,3,46,3337,118,98
9/11/2020,3,3,43,2951,119,95
9/12/2020,3,3,59,3026,118,93
9/13/2020,3,3,62,3248,119,91
9/14/2020,3,3,49,2570,115,93
9/15/2020,3,3,52,2928,128,95
9/16/2020,3,3,44,3206,116,98
9/17/2020,3,3,48,3333,121,94
9/18/2020,3,3,60,3128,117,92
9/19/2020,3,3,59,3188,117,91
9/20/2020,3,3,51,3270,101,95
9/21/2020,3,3,31,3073,106,94
9/22/2020,3,3,38,3128,103,91
9/23/2020,3,3,45,2718,101,92
9/24/2020,3,3,43,3245,121,91
9/25/2020,3,3,44,3059,115,91
9/26/2020,3,3,51,2803,101,95
9/27/2020,3,3,46,2608,119,95
9/28/2020,3,3,32,2661,101,96
9/29/2020,3,3,40,3457,112,93
9/30/2020,3,3,41,2696,101,94
10/1/2020,3,3,37,3372,117,96
10/2/2020,3,3,48,3182,116,94
10/3/2020,3,3,40,3365,126,93
10/4/2020,3,3,49,3135,108,96
10/5/2020,3,3,36,3362,105,92
10/6/2020,3,3,37,2569,102,97
10/7/2020,3,3,37,2622,107,95
10/8/2020,3,3,38,2913,124,91
10/9/2020,3,3,48,3227,112,94
10/10/2020,3,3,41,2977,102,91
10/11/2020,3,3,56,2972,115,96
10/12/2020,3,3,27,2767,107,91
10/13/2020,3,3,28,2944,128,96
10/14/2020,3,3,38,2587,127,98
10/15/2020,3,3,29,3354,102,92
10/16/2020,3,3,39,3119,118,94
10/17/2020,3,3,44,2758,128,96
10/18/2020,3,3,46,3416,118,93
10/19/2020,3,3,44,2660,112,95
10/20/2020,3,3,34,3222,118,96
10/21/2020,3,3,28,2979,114,96
10/22/2020,3,3,47,3233,101,95
10/23/2020,3,3,51,3500,122,92
10/24/2020,3,3,39,2971,104,92
10/25/2020,3,3,58,3245,127,91
10/26/2020,3,3,29,3329,128,95
10/27/2020,3,3,36,3242,120,97
10/28/2020,3,3,37,2717,117,96
10/29/2020,3,3,49,2650,128,95
10/30/2020,3,3,52,2583,118,91
10/31/2020,3,3,44,2624,115,97
11/1/2020,3,3,49,3162,117,96
11/2/2020,3,3,38,2723,112,92
11/3/2020,3,3,47,2786,122,97
11/4/2020,3,3,51,2534,106,96
11/5/2020,3,3,45,2765,101,94
11/6/2020,3,3,45,3394,110,95
11/7/2020,3,3,58,2709,106,91
11/8/2020,3,3,44,2660,112,98
11/9/2020,3,3,29,3102,111,91
11/10/2020,3,3,36,2885,114,97
11/11/2020,3,3,36,2554,127,96
11/12/2020,3,3,43,3398,109,96
11/13/2020,3,3,45,2914,127,93
11/14/2020,3,3,48,3011,123,97
11/15/2020,3,3,53,2904,123,95
11/16/2020,3,3,38,2974,111,91
11/17/2020,3,3,42,3242,111,95
11/18/2020,3,3,40,3079,114,98
11/19/2020,3,3,55,3077,110,98
11/20/2020,3,3,51,3143,122,92
11/21/2020,3,3,48,3038,124,98
11/22/2020,3,3,52,3078,106,95
11/23/2020,3,3,29,2783,105,92
11/24/2020,3,3,40,2871,113,92
11/25/2020,3,3,47,3247,107,91
11/26/2020,3,3,41,3359,121,92
11/27/2020,3,3,61,2569,112,96
11/28/2020,3,3,46,3232,108,94
11/29/2020,3,3,51,2938,114,98
11/30/2020,3,3,32,2980,110,94
12/1/2020,3,3,32,2516,118,95
12/2/2020,3,3,24,3241,126,97
12/3/2020,3,3,30,3301,110,92
12/4/2020,3,3,44,2795,128,96
12/5/2020,3,3,46,3059,103,94
12/6/2020,3,3,37,2519,103,96
12/7/2020,3,3,25,3412,121,91
12/8/2020,3,3,28,3355,127,98
12/9/2020,3,3,30,3152,105,93
12/10/2020,3,3,23,3066,123,95
12/11/2020,3,3,33,3342,124,95
12/12/2020,3,3,29,3090,124,95
12/13/2020,3,3,26,2535,108,92
12/14/2020,3,3,33,3430,121,92
12/15/2020,3,3,33,3133,112,97
12/16/2020,3,3,35,3365,110,96
12/17/2020,3,3,15,2663,127,93
12/18/2020,3,3,34,2650,122,93
12/19/2020,3,3,39,3164,112,95
12/20/2020,3,3,42,2722,121,95
12/21/2020,3,3,25,2914,113,96
12/22/2020,3,3,31,2580,120,95
12/23/2020,3,3,22,3468,120,97
12/24/2020,3,3,29,2979,117,98
12/25/2020,3,3,36,2806,117,96
12/26/2020,3,3,32,2928,121,98
12/27/2020,3,3,29,3368,108,98
12/28/2020,3,3,24,2741,115,97
12/29/2020,3,3,34,2574,114,95
12/30/2020,3,3,27,3386,101,98
12/31/2020,3,3,26,3165,113,93
1/1/2021,3,3,32,2599,105,93
1/2/2021,3,3,24,3290,108,91
1/3/2021,3,3,27,3039,107,97
1/4/2021,3,3,28,3187,123,98
1/5/2021,3,3,26,2813,121,91
1/6/2021,3,3,44,3208,120,94
1/7/2021,3,3,27,2799,101,92
1/8/2021,3,3,37,2622,108,91
1/9/2021,3,3,30,3418,109,95
1/10/2021,3,3,40,3133,112,95
1/11/2021,3,3,27,3393,108,95
1/12/2021,3,3,33,3091,120,93
1/13/2021,3,3,37,3428,124,93
1/14/2021,3,3,25,2625,119,95
1/15/2021,3,3,23,3421,115,97
1/16/2021,3,3,46,3496,108,96
1/17/2021,3,3,27,2694,122,97
1/18/2021,3,3,19,3021,113,96
1/19/2021,3,3,33,2597,111,93
1/20/2021,3,3,26,3105,119,97
1/21/2021,3,3,25,2889,109,96
1/22/2021,3,3,31,2539,116,91
1/23/2021,3,3,29,3318,125,91
1/24/2021,3,3,37,2932,104,93
1/25/2021,3,3,20,3289,125,95
1/26/2021,3,3,28,3227,127,96
1/27/2021,3,3,33,2736,104,98
1/28/2021,3,3,38,2870,102,91
1/29/2021,3,3,40,2952,113,93
1/30/2021,3,3,37,3163,107,92
1/31/2021,3,3,36,2857,119,98
2/1/2021,3,3,32,3043,124,97
2/2/2021,3,3,23,2562,111,94
2/3/2021,3,3,28,3065,109,93
2/4/2021,3,3,31,3207,118,92
2/5/2021,3,3,46,3293,113,92
2/6/2021,3,3,35,2645,112,93
2/7/2021,3,3,36,2512,115,97
2/8/2021,3,3,17,3472,121,96
2/9/2021,3,3,30,2582,116,91
2/10/2021,3,3,31,2640,119,94
2/11/2021,3,3,34,3205,118,91
2/12/2021,3,3,39,2550,109,96
2/13/2021,3,3,37,3212,124,96
2/14/2021,3,3,49,3453,118,91
2/15/2021,3,3,26,2859,116,95
2/16/2021,3,3,29,3226,104,95
2/17/2021,3,3,32,3473,105,92
2/18/2021,3,3,25,2605,123,92
2/19/2021,3,3,40,2733,107,91
2/20/2021,3,3,39,2784,111,98
2/21/2021,3,3,45,2784,128,97
2/22/2021,3,3,27,3036,119,97
2/23/2021,3,3,34,3457,118,93
2/24/2021,3,3,26,3326,105,95
2/25/2021,3,3,38,2531,128,91
2/26/2021,3,3,23,3278,111,91
2/27/2021,3,3,44,3418,118,92
2/28/2021,3,3,41,2768,108,95
2/29/2021,3,3,22,2810,108,94
3/1/2021,3,3,41,3367,119,91
3/2/2021,3,3,48,2691,111,97
3/3/2021,3,3,39,2652,122,92
3/4/2021,3,3,37,2740,116,91
3/5/2021,3,3,48,2692,115,98
3/6/2021,3,3,49,3062,109,94
3/7/2021,3,3,38,3349,102,95
3/8/2021,3,3,32,2871,124,91
3/9/2021,3,3,39,2740,111,96
3/10/2021,3,3,35,2587,109,94
3/11/2021,3,3,40,3197,111,94
3/12/2021,3,3,44,2743,124,94
3/13/2021,3,3,48,3358,126,94
3/14/2021,3,3,30,2531,109,98
3/15/2021,3,3,41,3213,126,98
3/16/2021,3,3,31,2850,104,95
3/17/2021,3,3,38,3238,128,96
3/18/2021,3,3,34,2657,125,94
3/19/2021,3,3,52,2902,119,98
3/20/2021,3,3,37,3163,113,91
3/21/2021,3,3,32,3470,111,96
3/22/2021,3,3,41,2549,108,94
3/23/2021,3,3,43,3096,127,91
3/24/2021,3,3,40,2741,124,93
3/25/2021,3,3,34,2615,109,98
3/26/2021,3,3,42,3157,124,98
3/27/2021,3,3,51,3191,119,91
3/28/2021,3,3,36,2541,122,95
3/29/2021,3,3,37,3150,119,96
3/30/2021,3,3,44,3488,108,95
3/31/2021,3,3,37,2920,105,93
4/1/2021,3,3,48,2677,105,98
4/2/2021,3,3,45,3347,104,95
4/3/2021,3,3,52,3041,127,97
4/4/2021,3,3,36,3401,106,92
4/5/2021,3,3,31,2623,105,96
4/6/2021,3,3,38,3220,121,96
4/7/2021,3,3,48,3070,102,91
4/8/2021,3,3,44,2551,121,95
4/9/2021,3,3,50,2706,117,97
4/10/2021,3,3,72,3321,103,96
4/11/2021,3,3,41,3040,114,98
4/12/2021,3,3,42,3407,104,96
4/13/2021,3,3,56,2819,123,93
4/14/2021,3,3,59,2734,105,98
4/15/2021,3,3,52,3416,113,92
4/16/2021,3,3,42,3226,106,94
4/17/2021,3,3,52,2763,128,95
4/18/2021,3,3,36,3372,103,93
4/19/2021,3,3,41,2587,119,94
4/20/2021,3,3,44,2746,114,95
4/21/2021,3,3,45,3414,101,94
4/22/2021,3,3,55,3284,106,93
4/23/2021,3,3,48,3467,128,94
4/24/2021,3,3,57,3033,116,93
4/25/2021,3,3,37,3443,109,95
4/26/2021,3,3,34,2771,117,92
4/27/2021,3,3,40,3053,113,91
4/28/2021,3,3,44,2586,112,96
4/29/2021,3,3,49,2856,110,92
4/30/2021,3,3,57,3044,110,98
5/1/2021,3,3,69,3319,128,97
5/2/2021,3,3,35,2590,111,96
5/3/2021,3,3,58,3377,127,96
5/4/2021,3,3,50,2965,106,96
5/5/2021,3,3,46,2732,114,94
5/6/2021,3,3,57,3297,107,97
5/7/2021,3,3,50,2579,127,98
5/8/2021,3,3,68,2539,101,97
5/9/2021,3,3,28,3300,128,93
5/10/2021,3,3,52,2702,108,96
5/11/2021,3,3,43,2812,121,91
5/12/2021,3,3,62,3323,102,95
5/13/2021,3,3,47,2871,126,93
5/14/2021,3,3,58,2680,120,91
5/15/2021,3,3,64,2857,121,96
5/16/2021,3,3,39,3322,124,94
5/17/2021,3,3,64,2777,122,96
5/18/2021,3,3,51,3132,128,94
5/19/2021,3,3,49,2856,102,97
5/20/2021,3,3,48,3207,116,97
5/21/2021,3,3,59,2845,127,95
5/22/2021,3,3,53,2605,126,93
5/23/2021,3,3,42,2574,110,94
5/24/2021,3,3,58,2993,128,98
5/25/2021,3,3,57,3431,106,92
5/26/2021,3,3,51,3171,125,95
5/27/2021,3,3,34,2924,121,93
5/28/2021,3,3,46,3299,118,94
5/29/2021,3,3,63,2960,111,95
5/30/2021,3,3,39,3452,101,97
5/31/2021,3,3,47,2851,113,92
6/1/2021,3,3,55,3020,114,91
6/2/2021,3,3,56,3319,118,97
6/3/2021,3,3,55,3440,120,92
6/4/2021,3,3,67,2548,116,96
6/5/2021,3,3,75,3094,102,96
6/6/2021,3,3,37,3398,108,96
6/7/2021,3,3,52,2892,107,95
6/8/2021,3,3,44,2656,128,91
6/9/2021,3,3,67,3060,115,97
6/10/2021,3,3,58,3442,126,95
6/11/2021,3,3,58,3366,115,95
6/12/2021,3,3,54,3084,112,94
6/13/2021,3,3,39,2939,124,96
6/14/2021,3,3,48,2615,119,95
6/15/2021,3,3,62,2502,105,93
6/16/2021,3,3,53,3241,117,98
6/17/2021,3,3,69,3203,111,91
6/18/2021,3,3,61,3469,113,97
6/19/2021,3,3,59,2827,127,98
6/20/2021,3,3,36,3437,105,95
6/21/2021,3,3,49,2584,113,96
6/22/2021,3,3,30,2569,125,93
6/23/2021,3,3,54,2614,103,92
6/24/2021,3,3,48,3068,121,92
6/25/2021,3,3,65,2974,119,94
6/26/2021,3,3,50,2736,107,97
6/27/2021,3,3,42,3155,108,93
6/28/2021,3,3,57,3162,107,98
6/29/2021,3,3,53,2953,125,96
6/30/2021,3,3,41,3304,103,95
7/1/2021,3,3,58,2566,119,95
7/2/2021,3,3,67,3261,115,94
7/3/2021,3,3,68,3411,116,95
7/4/2021,3,3,38,3279,119,97
7/5/2021,3,3,48,2806,122,95
7/6/2021,3,3,46,3173,119,97
7/7/2021,3,3,51,2925,124,93
7/8/2021,3,3,64,2561,121,91
7/9/2021,3,3,59,3133,109,92
7/10/2021,3,3,60,2897,115,92
7/11/2021,3,3,41,3159,118,96
7/12/2021,3,3,69,3066,102,98
7/13/2021,3,3,59,3460,116,91
7/14/2021,3,3,55,2638,122,96
7/15/2021,3,3,57,3208,101,98
7/16/2021,3,3,59,2653,113,93
7/17/2021,3,3,67,3484,113,92
7/18/2021,3,3,41,3416,105,97
7/19/2021,3,3,69,2775,106,98
7/20/2021,3,3,59,2891,118,96
7/21/2021,3,3,65,3458,112,98
7/22/2021,3,3,66,3358,105,95
7/23/2021,3,3,64,2809,121,97
7/24/2021,3,3,76,3489,113,98
7/25/2021,3,3,42,3221,101,92
7/26/2021,3,3,48,3104,106,96
7/27/2021,3,3,48,3338,114,93
7/28/2021,3,3,55,2867,120,93
7/29/2021,3,3,75,2954,114,95
7/30/2021,3,3,61,2505,119,98
7/31/2021,3,3,67,3079,118,97
8/1/2021,3,3,37,2630,115,92
8/2/2021,3,3,48,2999,115,97
8/3/2021,3,3,49,2844,113,91
8/4/2021,3,3,36,3485,120,94
8/5/2021,3,3,44,2972,103,96
8/6/2021,3,3,63,3153,105,95
8/7/2021,3,3,55,3158,124,98
8/8/2021,3,3,39,3084,120,98
8/9/2021,3,3,43,3244,109,94
8/10/2021,3,3,56,2543,114,91
8/11/2021,3,3,50,3288,121,94
8/12/2021,3,3,54,2689,107,97
8/13/2021,3,3,53,2849,104,95
8/14/2021,3,3,62,3478,112,92
8/15/2021,3,3,34,3255,108,97
8/16/2021,3,3,31,3448,123,94
8/17/2021,3,3,48,2544,102,92
8/18/2021,3,3,50,3081,126,94
8/19/2021,3,3,51,2620,128,95
8/20/2021,3,3,63,3301,112,94
8/21/2021,3,3,57,3200,114,93
8/22/2021,3,3,32,3124,125,92
8/23/2021,3,3,49,2513,127,93
8/24/2021,3,3,51,3431,103,97
8/25/2021,3,3,37,3420,107,96
8/26/2021,3,3,42,3147,102,92
8/27/2021,3,3,64,2717,110,97
8/28/2021,3,3,59,3123,101,92
8/29/2021,3,3,44,2692,124,95
8/30/2021,3,3,36,2815,126,98
8/31/2021,3,3,42,2649,104,97
9/1/2021,3,3,43,2892,113,92
9/2/2021,3,3,36,3236,104,91
9/3/2021,3,3,60,2671,112,91
9/4/2021,3,3,52,2548,109,91
9/5/2021,3,3,44,2610,106,96
9/6/2021,3,3,57,3280,111,94
9/7/2021,3,3,40,2756,110,97
9/8/2021,3,3,45,3214,105,91
9/9/2021,3,3,43,2903,112,93
9/10/2021,3,3,54,2543,111,96
9/11/2021,3,3,54,2550,117,94
9/12/2021,3,3,31,3171,124,96
9/13/2021,3,3,44,2791,124,95
9/14/2021,3,3,50,2740,116,93
9/15/2021,3,3,53,3222,112,91
9/16/2021,3,3,53,3143,113,98
9/17/2021,3,3,49,3451,128,92
9/18/2021,3,3,68,2563,110,91
9/19/2021,3,3,41,2924,103,91
9/20/2021,3,3,57,2908,120,95
9/21/2021,3,3,38,3086,107,91
9/22/2021,3,3,37,2940,109,92
9/23/2021,3,3,50,2595,106,91
9/24/2021,3,3,44,3253,107,93
9/25/2021,3,3,56,3286,121,93
9/26/2021,3,3,37,2938,122,97
9/27/2021,3,3,55,3088,102,98
9/28/2021,3,3,55,3044,110,91
9/29/2021,3,3,35,3187,118,96
9/30/2021,3,3,49,3109,111,95
10/1/2021,3,3,51,3101,113,97
10/2/2021,3,3,57,3449,101,97
10/3/2021,3,3,36,2692,115,91
10/4/2021,3,3,38,3496,105,93
10/5/2021,3,3,48,2549,111,95
10/6/2021,3,3,40,2552,102,98
10/7/2021,3,3,45,3399,113,96
10/8/2021,3,3,42,3210,108,93
10/9/2021,3,3,55,3071,120,96
10/10/2021,3,3,37,3209,103,98
10/11/2021,3,3,46,3036,119,97
10/12/2021,3,3,34,3078,126,97
10/13/2021,3,3,42,2919,126,93
10/14/2021,3,3,53,3120,122,95
10/15/2021,3,3,41,3045,112,95
10/16/2021,3,3,58,2595,127,98
10/17/2021,3,3,29,3052,114,94
10/18/2021,3,3,44,3033,121,97
10/19/2021,3,3,49,3106,119,93
10/20/2021,3,3,51,2987,120,96
10/21/2021,3,3,40,3194,124,92
10/22/2021,3,3,47,2894,106,94
10/23/2021,3,3,47,2841,108,96
10/24/2021,3,3,28,3298,112,92
10/25/2021,3,3,38,3175,122,91
10/26/2021,3,3,46,2976,121,96
10/27/2021,3,3,52,3048,127,96
10/28/2021,3,3,47,2839,127,97
10/29/2021,3,3,69,2852,126,92
10/30/2021,3,3,50,2766,127,92
10/31/2021,3,3,33,2965,124,93
11/1/2021,3,3,50,3155,102,96
11/2/2021,3,3,41,2992,127,91
11/3/2021,3,3,44,3023,119,98
11/4/2021,3,3,46,3186,105,91
11/5/2021,3,3,49,3274,109,95
11/6/2021,3,3,61,3246,102,96
11/7/2021,3,3,41,3462,123,92
11/8/2021,3,3,47,2699,122,96
11/9/2021,3,3,43,2912,123,97
11/10/2021,3,3,46,2906,118,92
11/11/2021,3,3,42,2721,110,91
11/12/2021,3,3,61,2874,114,94
11/13/2021,3,3,58,3449,117,92
11/14/2021,3,3,35,2619,115,97
11/15/2021,3,3,54,3319,113,97
11/16/2021,3,3,33,2798,122,91
11/17/2021,3,3,39,2625,111,94
11/18/2021,3,3,46,3171,101,98
11/19/2021,3,3,51,3476,128,96
11/20/2021,3,3,64,2670,117,97
11/21/2021,3,3,42,2543,109,96
11/22/2021,3,3,47,3058,128,98
11/23/2021,3,3,39,3160,115,95
11/24/2021,3,3,39,3050,126,94
11/25/2021,3,3,51,3009,108,95
11/26/2021,3,3,49,2551,125,95
11/27/2021,3,3,48,3003,128,93
11/28/2021,3,3,31,2823,122,96
11/29/2021,3,3,44,2697,106,93
11/30/2021,3,3,37,2511,123,97
12/1/2021,3,3,19,3207,118,95
12/2/2021,3,3,31,3045,120,92
12/3/2021,3,3,37,3240,116,95
12/4/2021,3,3,47,2965,113,93
12/5/2021,3,3,28,2530,121,95
12/6/2021,3,3,44,2614,124,92
12/7/2021,3,3,27,2566,126,95
12/8/2021,3,3,34,3411,122,91
12/9/2021,3,3,31,3322,106,98
12/10/2021,3,3,45,2876,126,95
12/11/2021,3,3,31,3296,101,98
12/12/2021,3,3,31,3257,116,91
12/13/2021,3,3,28,2685,114,95
12/14/2021,3,3,23,2563,125,91
12/15/2021,3,3,33,2625,103,97
12/16/2021,3,3,29,3062,108,94
12/17/2021,3,3,39,3305,121,91
12/18/2021,3,3,43,2753,115,96
12/19/2021,3,3,22,3203,128,96
12/20/2021,3,3,40,3370,117,93
12/21/2021,3,3,39,3110,117,98
12/22/2021,3,3,34,3474,126,97
12/23/2021,3,3,38,3219,117,97
12/24/2021,3,3,36,2655,126,94
12/25/2021,3,3,49,3429,108,92
12/26/2021,3,3,35,2811,101,92
12/27/2021,3,3,37,2876,116,91
12/28/2021,3,3,35,2777,120,93
12/29/2021,3,3,29,3267,120,92
12/30/2021,3,3,43,2638,109,94
12/31/2021,3,3,42,3449,111,95
1/1/2022,3,3,42,2949,127,95
1/2/2022,3,3,28,2529,119,94
1/3/2022,3,3,26,2820,117,92
1/4/2022,3,3,28,3067,121,95
1/5/2022,3,3,38,2878,102,98
1/6/2022,3,3,22,2673,115,91
1/7/2022,3,3,41,2528,125,95
1/8/2022,3,3,40,2619,118,95
1/9/2022,3,3,24,2874,109,91
1/10/2022,3,3,46,3348,126,98
1/11/2022,3,3,27,3021,125,96
1/12/2022,3,3,26,3098,122,98
1/13/2022,3,3,33,3342,105,92
1/14/2022,3,3,39,3245,118,94
1/15/2022,3,3,46,3424,119,94
1/16/2022,3,3,25,2668,103,97
1/17/2022,3,3,29,3156,119,97
1/18/2022,3,3,28,3409,103,96
1/19/2022,3,3,31,2753,109,98
1/20/2022,3,3,45,3264,126,95
1/21/2022,3,3,36,2543,109,91
1/22/2022,3,3,36,3034,104,94
1/23/2022,3,3,25,2708,125,92
1/24/2022,3,3,30,2673,126,92
1/25/2022,3,3,32,3175,106,91
1/26/2022,3,3,33,3247,102,93
1/27/2022,3,3,39,3042,101,91
1/28/2022,3,3,27,2980,103,96
1/29/2022,3,3,37,3285,126,96
1/30/2022,3,3,23,3457,113,94
1/31/2022,3,3,32,2852,120,97
2/1/2022,3,3,35,2778,107,94
2/2/2022,3,3,37,2865,102,97
2/3/2022,3,3,36,3150,125,98
2/4/2022,3,3,48,2748,111,94
2/5/2022,3,3,44,3422,105,96
2/6/2022,3,3,25,3475,112,93
2/7/2022,3,3,38,3427,118,92
2/8/2022,3,3,34,2509,101,95
2/9/2022,3,3,43,3376,127,98
2/10/2022,3,3,31,3236,118,94
2/11/2022,3,3,49,3020,112,97
2/12/2022,3,3,45,2969,117,92
2/13/2022,3,3,23,2903,117,91
2/14/2022,3,3,30,3287,111,95
2/15/2022,3,3,33,2877,128,95
2/16/2022,3,3,48,2605,119,98
2/17/2022,3,3,38,3167,116,96
2/18/2022,3,3,47,3328,122,93
2/19/2022,3,3,33,3215,121,91
2/20/2022,3,3,23,2746,103,93
2/21/2022,3,3,41,3036,108,93
2/22/2022,3,3,23,2945,128,96
2/23/2022,3,3,28,3343,109,97
2/24/2022,3,3,32,2840,105,95
2/25/2022,3,3,34,3158,113,91
2/26/2022,3,3,24,2565,112,91
2/27/2022,3,3,31,2940,121,94
2/28/2022,3,3,33,3194,104,91
3/1/2022,3,3,36,2763,105,95
3/2/2022,3,3,42,2676,125,96
3/3/2022,3,3,37,3161,105,92
3/4/2022,3,3,46,2666,102,95
3/5/2022,3,3,47,3438,118,91
3/6/2022,3,3,33,2834,103,91
3/7/2022,3,3,43,3347,106,97
3/8/2022,3,3,49,2750,113,97
3/9/2022,3,3,49,3432,118,91
3/10/2022,3,3,53,3074,115,96
3/11/2022,3,3,50,3494,126,95
3/12/2022,3,3,45,2769,126,92
3/13/2022,3,3,30,3071,106,94
3/14/2022,3,3,45,2940,121,95
3/15/2022,3,3,36,2662,122,96
3/16/2022,3,3,40,2714,115,94
3/17/2022,3,3,39,3366,115,97
3/18/2022,3,3,57,3252,112,96
3/19/2022,3,3,65,3065,115,92
3/20/2022,3,3,44,3106,126,92
3/21/2022,3,3,52,3413,118,98
3/22/2022,3,3,33,2533,126,95
3/23/2022,3,3,38,2981,124,98
3/24/2022,3,3,47,2632,105,91
3/25/2022,3,3,48,2659,122,96
3/26/2022,3,3,57,3187,118,93
3/27/2022,3,3,31,2824,111,95
3/28/2022,3,3,49,2970,121,98
3/29/2022,3,3,37,3259,105,94
3/30/2022,3,3,51,2965,118,98
3/31/2022,3,3,54,2702,118,95
4/1/2022,3,3,53,3107,107,93
4/2/2022,3,3,56,3399,115,96
4/3/2022,3,3,39,2574,109,92
4/4/2022,3,3,55,3254,122,94
4/5/2022,3,3,51,3053,124,95
4/6/2022,3,3,51,2741,102,97
4/7/2022,3,3,64,3336,108,93
4/8/2022,3,3,48,2677,102,91
4/9/2022,3,3,61,2532,108,94
4/10/2022,3,3,42,2922,124,91
4/11/2022,3,3,49,3279,114,98
4/12/2022,3,3,44,3264,124,94
4/13/2022,3,3,45,2921,111,94
4/14/2022,3,3,52,3060,111,95
4/15/2022,3,3,58,3301,128,98
4/16/2022,3,3,58,2855,123,98
4/17/2022,3,3,43,3296,110,97
4/18/2022,3,3,62,3435,126,98
4/19/2022,3,3,38,3192,116,93
4/20/2022,3,3,55,2715,127,94
4/21/2022,3,3,56,3006,124,92
4/22/2022,3,3,67,3171,126,96
4/23/2022,3,3,56,2626,108,92
4/24/2022,3,3,41,2670,101,97
4/25/2022,3,3,28,2563,120,93
4/26/2022,3,3,54,2683,103,91
4/27/2022,3,3,51,2611,101,91
4/28/2022,3,3,50,2521,124,98
4/29/2022,3,3,59,2661,101,98
4/30/2022,3,3,62,2693,109,94
5/1/2022,3,3,36,2954,119,91
5/2/2022,3,3,39,2886,127,95
5/3/2022,3,3,52,2973,126,91
5/4/2022,3,3,44,3044,103,97
5/5/2022,3,3,57,3103,125,93
5/6/2022,3,3,66,2974,105,94
5/7/2022,3,3,67,2618,126,97
5/8/2022,3,3,41,3448,118,93
5/9/2022,3,3,47,2602,124,97
5/10/2022,3,3,43,2819,128,95
5/11/2022,3,3,50,2796,124,92
5/12/2022,3,3,50,2874,104,95
5/13/2022,3,3,63,3496,110,98
5/14/2022,3,3,60,2640,109,95
5/15/2022,3,3,53,3032,125,91
5/16/2022,3,3,61,3471,121,96
5/17/2022,3,3,61,3279,111,96
5/18/2022,3,3,49,2750,115,97
5/19/2022,3,3,61,2767,110,95
5/20/2022,3,3,63,3472,118,93
5/21/2022,3,3,66,2935,112,92
5/22/2022,3,3,54,3186,115,93
5/23/2022,3,3,35,3352,122,96
5/24/2022,3,3,53,3271,127,96
5/25/2022,3,3,56,3319,125,92
5/26/2022,3,3,66,2686,111,95
5/27/2022,3,3,58,2869,102,95
5/28/2022,3,3,66,2641,111,93
5/29/2022,3,3,39,3160,105,97
5/30/2022,3,3,51,2695,119,92
5/31/2022,3,3,50,2752,101,95
6/1/2022,3,3,51,3074,118,91
6/2/2022,3,3,45,2977,128,93
6/3/2022,3,3,57,3481,123,93
6/4/2022,3,3,76,2574,122,97
6/5/2022,3,3,46,2659,125,98
6/6/2022,3,3,51,3313,107,94
6/7/2022,3,3,51,2782,116,92
6/8/2022,3,3,49,3200,106,97
6/9/2022,3,3,76,2675,117,95
6/10/2022,3,3,58,3010,120,94
6/11/2022,3,3,60,3366,117,96
6/12/2022,3,3,41,2755,103,95
6/13/2022,3,3,51,3146,101,95
6/14/2022,3,3,54,3353,126,93
6/15/2022,3,3,73,3209,109,94
6/16/2022,3,3,58,2831,108,94
6/17/2022,3,3,59,2623,110,93
6/18/2022,3,3,73,2719,105,94
6/19/2022,3,3,49,3154,114,91
6/20/2022,3,3,53,3049,127,95
6/21/2022,3,3,49,3364,104,97
6/22/2022,3,3,54,3196,122,94
6/23/2022,3,3,60,3051,123,98
6/24/2022,3,3,58,3366,115,98
6/25/2022,3,3,56,2826,127,93
6/26/2022,3,3,46,2685,108,97
6/27/2022,3,3,58,3400,124,93
6/28/2022,3,3,72,2819,115,91
6/29/2022,3,3,50,2932,111,96
6/30/2022,3,3,59,3303,102,91
7/1/2022,3,3,64,2821,128,98
7/2/2022,3,3,79,3402,112,95
7/3/2022,3,3,59,2822,119,93
7/4/2022,3,3,65,3179,126,97
7/5/2022,3,3,60,3192,107,96
7/6/2022,3,3,67,3310,126,93
7/7/2022,3,3,73,2884,120,92
7/8/2022,3,3,58,2619,107,98
7/9/2022,3,3,64,2911,105,95
7/10/2022,3,3,48,3139,101,91
7/11/2022,3,3,70,3339,122,94
7/12/2022,3,3,58,2886,111,92
7/13/2022,3,3,49,3184,111,96
7/14/2022,3,3,64,2511,116,92
7/15/2022,3,3,62,3441,101,98
7/16/2022,3,3,62,2574,108,94
7/17/2022,3,3,42,3297,104,91
7/18/2022,3,3,51,3105,127,95
7/19/2022,3,3,52,2764,106,97
7/20/2022,3,3,64,3151,106,94
7/21/2022,3,3,61,3245,113,95
7/22/2022,3,3,62,2969,108,91
7/23/2022,3,3,73,2654,113,94
7/24/2022,3,3,43,3402,107,98
7/25/2022,3,3,52,3074,110,96
7/26/2022,3,3,55,3242,107,92
7/27/2022,3,3,58,2782,108,91
7/28/2022,3,3,63,2853,126,94
7/29/2022,3,3,58,2568,114,91
7/30/2022,3,3,76,3383,106,94
7/31/2022,3,3,38,2773,115,93
8/1/2022,3,3,50,3376,111,98
8/2/2022,3,3,46,3365,114,95
8/3/2022,3,3,31,3133,116,96
8/4/2022,3,3,61,2833,124,96
8/5/2022,3,3,61,2516,119,91
8/6/2022,3,3,50,3167,119,94
8/7/2022,3,3,39,3318,107,96
8/8/2022,3,3,50,2644,124,98
8/9/2022,3,3,51,3341,123,96
8/10/2022,3,3,48,2964,114,95
8/11/2022,3,3,54,2603,112,96
8/12/2022,3,3,65,2651,115,94
8/13/2022,3,3,49,3200,116,92
8/14/2022,3,3,40,3393,103,98
8/15/2022,3,3,53,2564,123,98
8/16/2022,3,3,49,3430,111,98
8/17/2022,3,3,48,3418,104,96
8/18/2022,3,3,59,3312,117,97
8/19/2022,3,3,65,3297,117,94
8/20/2022,3,3,58,2679,118,96
8/21/2022,3,3,40,3130,125,97
8/22/2022,3,3,42,3408,112,91
8/23/2022,3,3,57,2869,106,92
8/24/2022,3,3,45,3016,105,94
8/25/2022,3,3,69,2634,106,92
8/26/2022,3,3,63,3002,125,95
8/27/2022,3,3,68,3305,107,98
8/28/2022,3,3,53,3150,127,95
8/29/2022,3,3,56,3264,109,98
8/30/2022,3,3,52,3024,105,96
8/31/2022,3,3,52,2848,127,97
9/1/2022,3,3,46,2515,117,97
9/2/2022,3,3,52,2770,114,97
9/3/2022,3,3,55,3413,123,94
9/4/2022,3,3,28,2735,101,91
9/5/2022,3,3,45,3055,126,98
9/6/2022,3,3,40,3138,127,96
9/7/2022,3,3,48,3488,113,97
9/8/2022,3,3,57,3065,122,92
9/9/2022,3,3,55,3403,113,98
9/10/2022,3,3,61,2568,128,95
9/11/2022,3,3,38,2601,124,91
9/12/2022,3,3,42,2582,101,92
9/13/2022,3,3,52,2852,128,92
9/14/2022,3,3,52,2756,113,96
9/15/2022,3,3,51,3387,126,98
9/16/2022,3,3,59,2976,102,98
9/17/2022,3,3,52,3080,102,98
9/18/2022,3,3,50,3439,118,97
9/19/2022,3,3,38,2965,102,93
9/20/2022,3,3,50,3480,103,96
9/21/2022,3,3,57,3326,120,95
9/22/2022,3,3,48,3281,123,98
9/23/2022,3,3,51,3368,112,98
9/24/2022,3,3,48,2592,104,92
9/25/2022,3,3,37,2914,120,92
9/26/2022,3,3,49,2853,110,98
9/27/2022,3,3,38,3037,115,98
9/28/2022,3,3,53,2618,124,97
9/29/2022,3,3,50,3082,120,98
9/30/2022,3,3,59,3240,125,91
10/1/2022,3,3,45,2852,126,91
10/2/2022,3,3,41,2689,119,92
10/3/2022,3,3,43,3269,110,96
10/4/2022,3,3,35,3074,121,94
10/5/2022,3,3,41,3169,120,95
10/6/2022,3,3,57,2666,127,92
10/7/2022,3,3,58,2532,105,91
10/8/2022,3,3,52,2797,125,93
10/9/2022,3,3,31,3420,109,94
10/10/2022,3,3,48,3465,119,91
10/11/2022,3,3,45,3042,102,97
10/12/2022,3,3,43,3160,123,91
10/13/2022,3,3,57,3036,116,97
10/14/2022,3,3,64,2658,124,92
10/15/2022,3,3,53,3234,101,93
10/16/2022,3,3,37,3225,115,93
10/17/2022,3,3,34,2886,106,95
10/18/2022,3,3,44,2991,116,97
10/19/2022,3,3,39,3287,122,97
10/20/2022,3,3,57,2957,109,97
10/21/2022,3,3,51,3233,108,91
10/22/2022,3,3,53,3129,126,92
10/23/2022,3,3,27,2968,123,93
10/24/2022,3,3,44,3322,120,93
10/25/2022,3,3,53,3017,114,93
10/26/2022,3,3,41,3311,113,97
10/27/2022,3,3,39,3179,117,98
10/28/2022,3,3,38,3306,117,95
10/29/2022,3,3,44,2834,118,96
10/30/2022,3,3,39,3458,117,97
10/31/2022,3,3,54,3199,101,98
11/1/2022,3,3,38,2604,119,95
11/2/2022,3,3,63,3453,112,92
11/3/2022,3,3,50,2579,118,98
11/4/2022,3,3,50,2828,121,91
11/5/2022,3,3,42,3336,122,93
11/6/2022,3,3,52,2636,126,93
11/7/2022,3,3,32,3347,104,94
11/8/2022,3,3,43,2987,125,91
11/9/2022,3,3,48,2960,104,95
11/10/2022,3,3,70,2911,114,91
11/11/2022,3,3,55,3288,103,91
11/12/2022,3,3,62,3474,112,92
11/13/2022,3,3,40,3169,123,91
11/14/2022,3,3,43,2583,109,91
11/15/2022,3,3,49,2950,113,92
11/16/2022,3,3,51,3474,102,92
11/17/2022,3,3,43,3379,105,91
11/18/2022,3,3,48,2596,123,96
11/19/2022,3,3,61,2815,124,93
11/20/2022,3,3,32,3486,112,94
11/21/2022,3,3,49,2589,111,94
11/22/2022,3,3,52,2530,103,93
11/23/2022,3,3,61,3141,116,91
11/24/2022,3,3,55,2801,113,97
11/25/2022,3,3,55,3100,116,96
11/26/2022,3,3,47,3495,108,94
11/27/2022,3,3,38,2784,128,91
11/28/2022,3,3,46,3494,127,94
11/29/2022,3,3,42,3477,128,97
11/30/2022,3,3,48,2624,113,93
12/1/2022,3,3,45,2622,113,95
12/2/2022,3,3,32,2612,114,96
12/3/2022,3,3,30,3164,127,93
12/4/2022,3,3,26,3011,103,94
12/5/2022,3,3,33,2823,116,97
12/6/2022,3,3,43,3000,101,93
12/7/2022,3,3,30,3365,124,94
12/8/2022,3,3,53,2832,117,98
12/9/2022,3,3,50,2961,104,96
12/10/2022,3,3,55,3171,105,93
12/11/2022,3,3,27,3322,116,92
12/12/2022,3,3,38,2916,105,92
12/13/2022,3,3,22,2820,112,93
12/14/2022,3,3,30,3336,127,93
12/15/2022,3,3,42,2567,117,91
12/16/2022,3,3,46,2756,102,93
12/17/2022,3,3,35,3165,121,98
12/18/2022,3,3,30,3057,106,96
12/19/2022,3,3,54,2983,120,91
12/20/2022,3,3,22,2530,126,94
12/21/2022,3,3,41,3238,107,93
12/22/2022,3,3,49,2576,128,95
12/23/2022,3,3,37,3087,117,93
12/24/2022,3,3,36,2616,104,96
12/25/2022,3,3,33,2712,127,97
12/26/2022,3,3,35,3350,124,98
12/27/2022,3,3,40,3389,125,93
12/28/2022,3,3,30,2713,118,93
12/29/2022,3,3,32,3228,106,97
12/30/2022,3,3,30,2975,113,96
12/31/2022,3,3,35,3276,103,94
