date,warehouse,item,sales,marketing_expense,economic_indicator,competitor_pricing
1/1/2018,1,6,31,3294,110,94
1/2/2018,1,6,36,2961,104,97
1/3/2018,1,6,18,2879,119,97
1/4/2018,1,6,19,3195,114,93
1/5/2018,1,6,31,2725,102,94
1/6/2018,1,6,31,2592,124,91
1/7/2018,1,6,25,3380,121,95
1/8/2018,1,6,29,3004,112,91
1/9/2018,1,6,26,2963,117,93
1/10/2018,1,6,39,2643,106,91
1/11/2018,1,6,36,2586,122,91
1/12/2018,1,6,38,2621,116,96
1/13/2018,1,6,36,2589,115,94
1/14/2018,1,6,20,2764,114,95
1/15/2018,1,6,21,3124,122,91
1/16/2018,1,6,24,3287,113,92
1/17/2018,1,6,33,3268,121,96
1/18/2018,1,6,33,3100,104,95
1/19/2018,1,6,31,2912,106,94
1/20/2018,1,6,34,2508,125,95
1/21/2018,1,6,24,3345,101,96
1/22/2018,1,6,29,3488,116,97
1/23/2018,1,6,19,3146,111,91
1/24/2018,1,6,26,2992,124,91
1/25/2018,1,6,38,2735,114,91
1/26/2018,1,6,36,2729,122,92
1/27/2018,1,6,36,2780,108,93
1/28/2018,1,6,30,2942,117,97
1/29/2018,1,6,21,3014,109,91
1/30/2018,1,6,30,3106,107,96
1/31/2018,1,6,30,3155,111,95
2/1/2018,1,6,46,3310,103,91
2/2/2018,1,6,32,3027,111,96
2/3/2018,1,6,35,3190,117,91
2/4/2018,1,6,24,2729,116,93
2/5/2018,1,6,28,3061,118,97
2/6/2018,1,6,20,2919,113,97
2/7/2018,1,6,33,3002,109,92
2/8/2018,1,6,28,3223,109,95
2/9/2018,1,6,31,2509,114,96
2/10/2018,1,6,39,3064,112,97
2/11/2018,1,6,29,3093,102,95
2/12/2018,1,6,24,2747,104,91
2/13/2018,1,6,26,2770,104,95
2/14/2018,1,6,27,3380,123,95
2/15/2018,1,6,28,3183,125,92
2/16/2018,1,6,31,3251,102,93
2/17/2018,1,6,45,3272,113,97
2/18/2018,1,6,27,2958,109,94
2/19/2018,1,6,32,3024,110,94
2/20/2018,1,6,33,2866,123,94
2/21/2018,1,6,28,3089,114,92
2/22/2018,1,6,33,2671,116,92
2/23/2018,1,6,41,3043,104,94
2/24/2018,1,6,45,3336,103,96
2/25/2018,1,6,39,3195,105,95
2/26/2018,1,6,36,2827,101,96
2/27/2018,1,6,29,2926,108,95
2/28/2018,1,6,26,3166,110,91
3/1/2018,1,6,36,3333,119,92
3/2/2018,1,6,50,2650,101,97
3/3/2018,1,6,56,3442,112,96
3/4/2018,1,6,28,2705,124,95
3/5/2018,1,6,38,3001,108,92
3/6/2018,1,6,36,3208,116,97
3/7/2018,1,6,34,3328,124,93
3/8/2018,1,6,41,3331,123,93
3/9/2018,1,6,51,3305,116,91
3/10/2018,1,6,47,2932,107,97
3/11/2018,1,6,35,2808,119,97
3/12/2018,1,6,34,2664,124,95
3/13/2018,1,6,34,3007,107,93
3/14/2018,1,6,37,2621,111,92
3/15/2018,1,6,42,2703,117,97
3/16/2018,1,6,39,3071,114,91
3/17/2018,1,6,41,2722,118,93
3/18/2018,1,6,36,2908,122,96
3/19/2018,1,6,32,2773,107,94
3/20/2018,1,6,50,2586,111,95
3/21/2018,1,6,44,2974,104,94
3/22/2018,1,6,32,3472,106,95
3/23/2018,1,6,55,3209,123,93
3/24/2018,1,6,53,3003,109,95
3/25/2018,1,6,29,3005,118,94
3/26/2018,1,6,40,3331,110,97
3/27/2018,1,6,29,2885,111,93
3/28/2018,1,6,35,2672,105,91
3/29/2018,1,6,49,3435,120,97
3/30/2018,1,6,37,3462,105,96
3/31/2018,1,6,33,2744,112,92
4/1/2018,1,6,44,3202,119,96
4/2/2018,1,6,46,2599,113,96
4/3/2018,1,6,34,2932,112,91
4/4/2018,1,6,33,3024,102,94
4/5/2018,1,6,54,3037,104,94
4/6/2018,1,6,63,3251,113,91
4/7/2018,1,6,58,2639,102,97
4/8/2018,1,6,33,3224,119,92
4/9/2018,1,6,48,2602,113,92
4/10/2018,1,6,48,3298,115,92
4/11/2018,1,6,45,2714,110,92
4/12/2018,1,6,53,3273,124,96
4/13/2018,1,6,56,2892,124,96
4/14/2018,1,6,52,3326,124,97
4/15/2018,1,6,25,2647,124,93
4/16/2018,1,6,60,3442,114,97
4/17/2018,1,6,43,2859,117,96
4/18/2018,1,6,40,3412,111,96
4/19/2018,1,6,56,2789,123,91
4/20/2018,1,6,52,3364,103,92
4/21/2018,1,6,62,3499,103,96
4/22/2018,1,6,43,2855,117,93
4/23/2018,1,6,43,2791,105,96
4/24/2018,1,6,46,3419,113,91
4/25/2018,1,6,42,3160,117,95
4/26/2018,1,6,63,3075,123,93
4/27/2018,1,6,56,2772,102,97
4/28/2018,1,6,59,3476,119,92
4/29/2018,1,6,26,2859,112,93
4/30/2018,1,6,49,3433,112,93
5/1/2018,1,6,57,2860,113,97
5/2/2018,1,6,51,3123,105,96
5/3/2018,1,6,54,3155,112,95
5/4/2018,1,6,66,3044,123,96
5/5/2018,1,6,68,2923,105,93
5/6/2018,1,6,43,2938,113,96
5/7/2018,1,6,53,2523,111,95
5/8/2018,1,6,52,3487,102,93
5/9/2018,1,6,35,2942,123,91
5/10/2018,1,6,54,2910,109,92
5/11/2018,1,6,49,2780,120,95
5/12/2018,1,6,61,2636,113,95
5/13/2018,1,6,37,2920,105,96
5/14/2018,1,6,35,3020,120,92
5/15/2018,1,6,53,2742,101,94
5/16/2018,1,6,42,2583,110,92
5/17/2018,1,6,74,2990,108,96
5/18/2018,1,6,47,2939,115,91
5/19/2018,1,6,45,2996,105,95
5/20/2018,1,6,51,3050,103,91
5/21/2018,1,6,43,3170,109,91
5/22/2018,1,6,42,2849,121,94
5/23/2018,1,6,56,3116,125,97
5/24/2018,1,6,51,2991,103,95
5/25/2018,1,6,59,3369,109,95
5/26/2018,1,6,59,3408,119,91
5/27/2018,1,6,54,2873,103,95
5/28/2018,1,6,48,2813,116,93
5/29/2018,1,6,48,3068,106,91
5/30/2018,1,6,37,2717,118,93
5/31/2018,1,6,43,2778,114,91
6/1/2018,1,6,57,2758,112,93
6/2/2018,1,6,77,3186,109,91
6/3/2018,1,6,40,2982,120,95
6/4/2018,1,6,55,2801,107,96
6/5/2018,1,6,57,2679,117,92
6/6/2018,1,6,48,3396,121,91
6/7/2018,1,6,61,3282,116,97
6/8/2018,1,6,66,2883,115,96
6/9/2018,1,6,69,2506,114,96
6/10/2018,1,6,43,2665,122,96
6/11/2018,1,6,52,2573,105,97
6/12/2018,1,6,52,3417,105,91
6/13/2018,1,6,64,2920,113,91
6/14/2018,1,6,46,3450,120,94
6/15/2018,1,6,59,2525,107,96
6/16/2018,1,6,62,2781,112,91
6/17/2018,1,6,49,2815,106,92
6/18/2018,1,6,52,3010,120,95
6/19/2018,1,6,43,3260,121,97
6/20/2018,1,6,52,3251,103,91
6/21/2018,1,6,54,2610,111,93
6/22/2018,1,6,58,2728,118,95
6/23/2018,1,6,58,3403,104,93
6/24/2018,1,6,57,2514,101,91
6/25/2018,1,6,50,3042,108,96
6/26/2018,1,6,48,2966,111,92
6/27/2018,1,6,40,2729,121,94
6/28/2018,1,6,49,2608,112,93
6/29/2018,1,6,49,3104,117,93
6/30/2018,1,6,53,3353,115,97
7/1/2018,1,6,54,3312,106,91
7/2/2018,1,6,50,2726,125,94
7/3/2018,1,6,55,2695,123,97
7/4/2018,1,6,37,3104,112,95
7/5/2018,1,6,60,2709,106,93
7/6/2018,1,6,63,3188,123,94
7/7/2018,1,6,79,3378,111,91
7/8/2018,1,6,52,3223,108,94
7/9/2018,1,6,58,3358,114,95
7/10/2018,1,6,58,2598,115,96
7/11/2018,1,6,57,3232,125,94
7/12/2018,1,6,54,2600,123,94
7/13/2018,1,6,65,2736,120,97
7/14/2018,1,6,73,3343,125,93
7/15/2018,1,6,42,3173,104,92
7/16/2018,1,6,51,2590,111,95
7/17/2018,1,6,56,2599,121,92
7/18/2018,1,6,48,3169,119,91
7/19/2018,1,6,47,3371,120,97
7/20/2018,1,6,67,3240,112,96
7/21/2018,1,6,66,2628,125,93
7/22/2018,1,6,47,2661,122,93
7/23/2018,1,6,57,3017,122,91
7/24/2018,1,6,49,2695,114,95
7/25/2018,1,6,51,3328,124,97
7/26/2018,1,6,68,3379,124,94
7/27/2018,1,6,69,2823,125,95
7/28/2018,1,6,80,3297,116,93
7/29/2018,1,6,37,2624,102,92
7/30/2018,1,6,62,3459,117,92
7/31/2018,1,6,43,2763,113,97
8/1/2018,1,6,60,2759,115,95
8/2/2018,1,6,50,2566,103,91
8/3/2018,1,6,48,2967,105,91
8/4/2018,1,6,46,2786,101,94
8/5/2018,1,6,36,3220,113,94
8/6/2018,1,6,55,3423,114,97
8/7/2018,1,6,48,2554,118,94
8/8/2018,1,6,41,2527,114,95
8/9/2018,1,6,62,2807,116,94
8/10/2018,1,6,52,3268,103,92
8/11/2018,1,6,71,3268,106,92
8/12/2018,1,6,37,3225,121,94
8/13/2018,1,6,56,2815,118,97
8/14/2018,1,6,63,2503,111,96
8/15/2018,1,6,52,3241,122,94
8/16/2018,1,6,63,2947,125,93
8/17/2018,1,6,61,3435,102,93
8/18/2018,1,6,57,2712,109,92
8/19/2018,1,6,37,2510,120,92
8/20/2018,1,6,50,3251,102,96
8/21/2018,1,6,44,3247,125,93
8/22/2018,1,6,60,2753,101,93
8/23/2018,1,6,50,2689,109,95
8/24/2018,1,6,47,3236,115,96
8/25/2018,1,6,46,3151,106,93
8/26/2018,1,6,43,3065,109,94
8/27/2018,1,6,32,3226,123,92
8/28/2018,1,6,50,3140,115,95
8/29/2018,1,6,46,3091,112,93
8/30/2018,1,6,57,3345,114,92
8/31/2018,1,6,53,3250,120,95
9/1/2018,1,6,62,2940,117,97
9/2/2018,1,6,28,3409,125,93
9/3/2018,1,6,36,2816,102,94
9/4/2018,1,6,37,3404,101,97
9/5/2018,1,6,47,2633,114,95
9/6/2018,1,6,60,3412,110,94
9/7/2018,1,6,63,3254,111,91
9/8/2018,1,6,61,3191,114,95
9/9/2018,1,6,28,2578,117,94
9/10/2018,1,6,41,2681,120,95
9/11/2018,1,6,43,3293,123,91
9/12/2018,1,6,47,2573,104,97
9/13/2018,1,6,49,2974,113,95
9/14/2018,1,6,51,3442,112,95
9/15/2018,1,6,62,3193,108,93
9/16/2018,1,6,39,2667,124,94
9/17/2018,1,6,41,2884,124,95
9/18/2018,1,6,46,3130,121,97
9/19/2018,1,6,41,3271,115,91
9/20/2018,1,6,61,2614,122,91
9/21/2018,1,6,59,3408,124,93
9/22/2018,1,6,49,2714,104,97
9/23/2018,1,6,34,3447,117,96
9/24/2018,1,6,38,2663,117,92
9/25/2018,1,6,37,3474,111,97
9/26/2018,1,6,52,2908,124,96
9/27/2018,1,6,56,2989,122,94
9/28/2018,1,6,52,2979,103,92
9/29/2018,1,6,54,3141,115,95
9/30/2018,1,6,39,2633,114,94
10/1/2018,1,6,33,2746,121,95
10/2/2018,1,6,42,2539,107,97
10/3/2018,1,6,38,2596,112,96
10/4/2018,1,6,47,2648,113,97
10/5/2018,1,6,55,3067,118,91
10/6/2018,1,6,55,3245,102,96
10/7/2018,1,6,23,2606,117,96
10/8/2018,1,6,53,2918,116,94
10/9/2018,1,6,50,3267,109,96
10/10/2018,1,6,38,3273,123,96
10/11/2018,1,6,45,2761,123,94
10/12/2018,1,6,59,3193,114,94
10/13/2018,1,6,44,2846,125,93
10/14/2018,1,6,33,3019,118,92
10/15/2018,1,6,34,2661,121,93
10/16/2018,1,6,37,3363,107,92
10/17/2018,1,6,51,2844,122,94
10/18/2018,1,6,51,3243,102,93
10/19/2018,1,6,53,2617,113,95
10/20/2018,1,6,46,2585,119,95
10/21/2018,1,6,44,3070,117,92
10/22/2018,1,6,38,3153,124,97
10/23/2018,1,6,51,2760,119,93
10/24/2018,1,6,44,2757,122,94
10/25/2018,1,6,50,3423,125,91
10/26/2018,1,6,58,2968,121,92
10/27/2018,1,6,52,3194,108,95
10/28/2018,1,6,28,2730,108,92
10/29/2018,1,6,38,2993,110,92
10/30/2018,1,6,44,2726,109,92
10/31/2018,1,6,37,3203,120,92
11/1/2018,1,6,38,3367,116,92
11/2/2018,1,6,63,3302,118,94
11/3/2018,1,6,58,3406,119,97
11/4/2018,1,6,36,2727,101,95
11/5/2018,1,6,45,2516,112,91
11/6/2018,1,6,45,3425,107,95
11/7/2018,1,6,40,3374,123,96
11/8/2018,1,6,48,2909,103,93
11/9/2018,1,6,58,2943,124,93
11/10/2018,1,6,57,3238,101,97
11/11/2018,1,6,32,3418,105,93
11/12/2018,1,6,50,2851,112,96
11/13/2018,1,6,32,3316,105,91
11/14/2018,1,6,51,2881,106,92
11/15/2018,1,6,40,2993,117,95
11/16/2018,1,6,47,2837,124,96
11/17/2018,1,6,63,2577,114,94
11/18/2018,1,6,36,3499,110,91
11/19/2018,1,6,50,3445,113,96
11/20/2018,1,6,38,2767,112,97
11/21/2018,1,6,43,3320,125,97
11/22/2018,1,6,52,2648,113,97
11/23/2018,1,6,47,3425,102,94
11/24/2018,1,6,43,2840,119,92
11/25/2018,1,6,39,3155,108,94
11/26/2018,1,6,36,2584,105,91
11/27/2018,1,6,47,3180,120,97
11/28/2018,1,6,41,2567,112,97
11/29/2018,1,6,57,3091,104,92
11/30/2018,1,6,50,2644,121,96
12/1/2018,1,6,33,2963,120,94
12/2/2018,1,6,22,3232,115,94
12/3/2018,1,6,25,2876,116,91
12/4/2018,1,6,34,3165,121,92
12/5/2018,1,6,33,2895,113,91
12/6/2018,1,6,46,2583,114,95
12/7/2018,1,6,39,2979,104,95
12/8/2018,1,6,41,3484,123,92
12/9/2018,1,6,30,2961,125,93
12/10/2018,1,6,24,3148,124,94
12/11/2018,1,6,26,3217,105,96
12/12/2018,1,6,38,3308,122,91
12/13/2018,1,6,33,3378,109,96
12/14/2018,1,6,26,2678,103,91
12/15/2018,1,6,43,3304,112,92
12/16/2018,1,6,25,3116,125,93
12/17/2018,1,6,34,2864,102,95
12/18/2018,1,6,27,3085,114,92
12/19/2018,1,6,38,2717,110,92
12/20/2018,1,6,32,3049,116,93
12/21/2018,1,6,51,2524,116,93
12/22/2018,1,6,37,2639,112,94
12/23/2018,1,6,18,3258,107,93
12/24/2018,1,6,27,3498,125,94
12/25/2018,1,6,38,2545,102,92
12/26/2018,1,6,39,2583,102,96
12/27/2018,1,6,36,3270,106,91
12/28/2018,1,6,31,2583,112,91
12/29/2018,1,6,45,3156,111,96
12/30/2018,1,6,24,3012,111,93
12/31/2018,1,6,36,3052,117,93
1/1/2019,1,6,30,3174,125,94
1/2/2019,1,6,41,3140,124,94
1/3/2019,1,6,41,3486,117,94
1/4/2019,1,6,37,2611,109,96
1/5/2019,1,6,47,3188,115,92
1/6/2019,1,6,31,3495,102,93
1/7/2019,1,6,37,2696,117,94
1/8/2019,1,6,34,3253,111,95
1/9/2019,1,6,31,3246,125,96
1/10/2019,1,6,35,2698,101,94
1/11/2019,1,6,45,3134,105,96
1/12/2019,1,6,38,2611,125,94
1/13/2019,1,6,32,3211,125,91
1/14/2019,1,6,27,2804,102,97
1/15/2019,1,6,26,2584,109,95
1/16/2019,1,6,26,2553,120,96
1/17/2019,1,6,31,3250,108,95
1/18/2019,1,6,40,2665,124,97
1/19/2019,1,6,41,3156,124,94
1/20/2019,1,6,22,3250,123,95
1/21/2019,1,6,20,3000,111,97
1/22/2019,1,6,36,2650,105,94
1/23/2019,1,6,37,2522,111,97
1/24/2019,1,6,42,2920,103,91
1/25/2019,1,6,29,2941,101,97
1/26/2019,1,6,40,2512,105,94
1/27/2019,1,6,27,3078,107,96
1/28/2019,1,6,39,3315,104,95
1/29/2019,1,6,26,3061,117,96
1/30/2019,1,6,26,2541,105,94
1/31/2019,1,6,28,3267,118,96
2/1/2019,1,6,43,2839,109,95
2/2/2019,1,6,55,3340,124,91
2/3/2019,1,6,41,3372,102,92
2/4/2019,1,6,41,2933,125,97
2/5/2019,1,6,32,2867,118,91
2/6/2019,1,6,34,2846,123,94
2/7/2019,1,6,44,3088,124,95
2/8/2019,1,6,39,2863,114,93
2/9/2019,1,6,51,2913,113,92
2/10/2019,1,6,19,3133,102,97
2/11/2019,1,6,38,2717,114,97
2/12/2019,1,6,27,3486,115,95
2/13/2019,1,6,40,2636,124,92
2/14/2019,1,6,48,2644,106,95
2/15/2019,1,6,48,3291,122,93
2/16/2019,1,6,36,2688,102,97
2/17/2019,1,6,34,3396,124,91
2/18/2019,1,6,37,3252,106,96
2/19/2019,1,6,44,3213,115,92
2/20/2019,1,6,38,2838,123,97
2/21/2019,1,6,36,2817,113,94
2/22/2019,1,6,36,3136,123,94
2/23/2019,1,6,44,3141,113,95
2/24/2019,1,6,27,3018,122,91
2/25/2019,1,6,39,3194,123,95
2/26/2019,1,6,31,2962,124,94
2/27/2019,1,6,38,2573,114,95
2/28/2019,1,6,49,2812,101,91
3/1/2019,1,6,59,3314,107,97
3/2/2019,1,6,52,2926,111,93
3/3/2019,1,6,37,3021,107,96
3/4/2019,1,6,43,2629,117,97
3/5/2019,1,6,43,2654,101,97
3/6/2019,1,6,44,3347,111,97
3/7/2019,1,6,53,3394,110,95
3/8/2019,1,6,52,3397,102,91
3/9/2019,1,6,57,2728,117,91
3/10/2019,1,6,38,3105,105,95
3/11/2019,1,6,36,2500,115,96
3/12/2019,1,6,49,3139,114,95
3/13/2019,1,6,49,3148,107,92
3/14/2019,1,6,47,2885,119,96
3/15/2019,1,6,54,2689,117,96
3/16/2019,1,6,51,3427,123,91
3/17/2019,1,6,38,3289,101,97
3/18/2019,1,6,43,2994,113,94
3/19/2019,1,6,46,2761,118,96
3/20/2019,1,6,38,2864,119,91
3/21/2019,1,6,53,2566,111,91
3/22/2019,1,6,50,3281,116,95
3/23/2019,1,6,61,3035,125,94
3/24/2019,1,6,37,3429,108,91
3/25/2019,1,6,41,2512,122,95
3/26/2019,1,6,39,3098,109,97
3/27/2019,1,6,46,3014,107,92
3/28/2019,1,6,49,3086,109,91
3/29/2019,1,6,53,3188,120,93
3/30/2019,1,6,65,3385,110,97
3/31/2019,1,6,37,2513,123,94
4/1/2019,1,6,44,2661,118,95
4/2/2019,1,6,63,2847,108,95
4/3/2019,1,6,43,3404,116,95
4/4/2019,1,6,71,3386,116,91
4/5/2019,1,6,66,2609,108,97
4/6/2019,1,6,78,3212,115,92
4/7/2019,1,6,58,2910,114,95
4/8/2019,1,6,45,2566,104,91
4/9/2019,1,6,43,2674,107,91
4/10/2019,1,6,58,3369,111,97
4/11/2019,1,6,54,2763,121,97
4/12/2019,1,6,61,2559,102,96
4/13/2019,1,6,57,3321,119,91
4/14/2019,1,6,33,3127,104,95
4/15/2019,1,6,70,2889,116,96
4/16/2019,1,6,56,2703,111,97
4/17/2019,1,6,53,2631,119,91
4/18/2019,1,6,54,3434,117,95
4/19/2019,1,6,52,3332,114,91
4/20/2019,1,6,51,2732,106,95
4/21/2019,1,6,37,2827,120,95
4/22/2019,1,6,40,3248,123,95
4/23/2019,1,6,44,3384,106,94
4/24/2019,1,6,57,2842,106,97
4/25/2019,1,6,50,3061,101,96
4/26/2019,1,6,60,3427,109,91
4/27/2019,1,6,61,2501,101,96
4/28/2019,1,6,53,2561,111,92
4/29/2019,1,6,40,3032,109,96
4/30/2019,1,6,59,3032,114,97
5/1/2019,1,6,55,3419,124,93
5/2/2019,1,6,69,2944,116,93
5/3/2019,1,6,54,2886,118,97
5/4/2019,1,6,86,3136,113,97
5/5/2019,1,6,41,2931,115,96
5/6/2019,1,6,41,2986,107,94
5/7/2019,1,6,42,2717,105,93
5/8/2019,1,6,58,3288,114,91
5/9/2019,1,6,59,2795,115,93
5/10/2019,1,6,66,2665,104,97
5/11/2019,1,6,58,3120,104,91
5/12/2019,1,6,42,2937,121,96
5/13/2019,1,6,52,2930,125,97
5/14/2019,1,6,47,2817,122,91
5/15/2019,1,6,56,3159,115,97
5/16/2019,1,6,54,3058,107,96
5/17/2019,1,6,79,3415,121,97
5/18/2019,1,6,66,2759,113,92
5/19/2019,1,6,43,3498,110,93
5/20/2019,1,6,63,3371,110,93
5/21/2019,1,6,54,2730,103,97
5/22/2019,1,6,60,2794,102,97
5/23/2019,1,6,46,2680,113,95
5/24/2019,1,6,67,3264,113,93
5/25/2019,1,6,67,3204,112,94
5/26/2019,1,6,45,3377,110,91
5/27/2019,1,6,56,3459,125,91
5/28/2019,1,6,48,3198,106,93
5/29/2019,1,6,56,3071,117,96
5/30/2019,1,6,75,2960,109,97
5/31/2019,1,6,58,3228,102,94
6/1/2019,1,6,63,3500,104,94
6/2/2019,1,6,40,3485,119,96
6/3/2019,1,6,68,3148,123,92
6/4/2019,1,6,50,2686,104,94
6/5/2019,1,6,66,3228,113,94
6/6/2019,1,6,61,2544,117,94
6/7/2019,1,6,55,3305,113,96
6/8/2019,1,6,62,2971,109,92
6/9/2019,1,6,47,2731,120,92
6/10/2019,1,6,43,2835,104,93
6/11/2019,1,6,65,3483,117,92
6/12/2019,1,6,57,2883,102,91
6/13/2019,1,6,61,2557,102,97
6/14/2019,1,6,69,2650,103,97
6/15/2019,1,6,71,2522,102,97
6/16/2019,1,6,36,3332,121,95
6/17/2019,1,6,61,3240,122,95
6/18/2019,1,6,65,2913,118,96
6/19/2019,1,6,65,2823,117,97
6/20/2019,1,6,60,3236,105,95
6/21/2019,1,6,82,3221,125,96
6/22/2019,1,6,82,3346,115,95
6/23/2019,1,6,52,3107,124,95
6/24/2019,1,6,41,2933,104,94
6/25/2019,1,6,80,3302,105,96
6/26/2019,1,6,50,2624,124,91
6/27/2019,1,6,74,2510,112,95
6/28/2019,1,6,74,2968,101,91
6/29/2019,1,6,63,2723,105,91
6/30/2019,1,6,48,3253,109,94
7/1/2019,1,6,56,3228,118,91
7/2/2019,1,6,57,3324,103,91
7/3/2019,1,6,57,3497,120,97
7/4/2019,1,6,73,3211,112,96
7/5/2019,1,6,55,3325,107,91
7/6/2019,1,6,71,3207,117,91
7/7/2019,1,6,59,3149,117,93
7/8/2019,1,6,50,3489,124,92
7/9/2019,1,6,56,2639,116,97
7/10/2019,1,6,71,2926,121,92
7/11/2019,1,6,66,3151,109,96
7/12/2019,1,6,71,3430,102,96
7/13/2019,1,6,73,2918,117,95
7/14/2019,1,6,64,3057,120,93
7/15/2019,1,6,65,2984,125,92
7/16/2019,1,6,79,3230,110,96
7/17/2019,1,6,78,3487,119,95
7/18/2019,1,6,62,2614,109,94
7/19/2019,1,6,74,3062,114,95
7/20/2019,1,6,64,2919,110,97
7/21/2019,1,6,57,3024,102,92
7/22/2019,1,6,65,2582,101,96
7/23/2019,1,6,59,2685,118,94
7/24/2019,1,6,77,3240,106,95
7/25/2019,1,6,70,2875,111,96
7/26/2019,1,6,66,2732,125,95
7/27/2019,1,6,96,3310,116,92
7/28/2019,1,6,54,3280,105,93
7/29/2019,1,6,59,2756,103,94
7/30/2019,1,6,65,2595,108,96
7/31/2019,1,6,72,2704,105,92
8/1/2019,1,6,69,3407,124,95
8/2/2019,1,6,66,2859,107,96
8/3/2019,1,6,64,2933,103,96
8/4/2019,1,6,52,3001,110,92
8/5/2019,1,6,46,3367,125,97
8/6/2019,1,6,60,2757,125,96
8/7/2019,1,6,61,2683,113,92
8/8/2019,1,6,51,2519,101,97
8/9/2019,1,6,66,2534,101,95
8/10/2019,1,6,73,2734,109,95
8/11/2019,1,6,41,2665,103,91
8/12/2019,1,6,58,3076,109,93
8/13/2019,1,6,44,3379,123,96
8/14/2019,1,6,51,3420,108,97
8/15/2019,1,6,52,2585,112,92
8/16/2019,1,6,69,2588,117,92
8/17/2019,1,6,66,3462,109,97
8/18/2019,1,6,54,3494,118,93
8/19/2019,1,6,50,3183,114,95
8/20/2019,1,6,62,2772,125,93
8/21/2019,1,6,51,2932,109,91
8/22/2019,1,6,52,3366,103,96
8/23/2019,1,6,76,2546,124,93
8/24/2019,1,6,72,3441,115,91
8/25/2019,1,6,55,3482,107,93
8/26/2019,1,6,58,2619,115,93
8/27/2019,1,6,60,3353,121,95
8/28/2019,1,6,56,3210,101,97
8/29/2019,1,6,54,2879,103,97
8/30/2019,1,6,66,2597,109,97
8/31/2019,1,6,53,3442,124,95
9/1/2019,1,6,45,3286,115,97
9/2/2019,1,6,60,2569,102,96
9/3/2019,1,6,52,3326,102,94
9/4/2019,1,6,55,3403,111,93
9/5/2019,1,6,61,2634,118,93
9/6/2019,1,6,48,3470,124,95
9/7/2019,1,6,67,3454,107,92
9/8/2019,1,6,57,3416,123,92
9/9/2019,1,6,46,3047,114,94
9/10/2019,1,6,37,2718,113,91
9/11/2019,1,6,63,3188,118,95
9/12/2019,1,6,56,2927,118,91
9/13/2019,1,6,64,3342,121,92
9/14/2019,1,6,63,2575,101,96
9/15/2019,1,6,40,2773,105,94
9/16/2019,1,6,54,2822,113,91
9/17/2019,1,6,50,2811,114,93
9/18/2019,1,6,39,2918,105,95
9/19/2019,1,6,53,2968,115,91
9/20/2019,1,6,68,3033,118,94
9/21/2019,1,6,63,2728,123,92
9/22/2019,1,6,29,3105,115,93
9/23/2019,1,6,51,3091,117,96
9/24/2019,1,6,59,2513,102,93
9/25/2019,1,6,43,2561,111,94
9/26/2019,1,6,65,3025,102,95
9/27/2019,1,6,64,2523,104,94
9/28/2019,1,6,62,3170,106,97
9/29/2019,1,6,35,3197,120,95
9/30/2019,1,6,50,2743,107,91
10/1/2019,1,6,40,2596,121,93
10/2/2019,1,6,50,2646,102,96
10/3/2019,1,6,61,2501,102,91
10/4/2019,1,6,53,2662,101,94
10/5/2019,1,6,42,3305,116,94
10/6/2019,1,6,41,2677,111,93
10/7/2019,1,6,40,3153,107,97
10/8/2019,1,6,49,2995,101,92
10/9/2019,1,6,46,3467,112,94
10/10/2019,1,6,51,2793,102,94
10/11/2019,1,6,40,2598,102,94
10/12/2019,1,6,52,2922,110,96
10/13/2019,1,6,41,3469,125,95
10/14/2019,1,6,54,3330,102,96
10/15/2019,1,6,47,3465,121,92
10/16/2019,1,6,48,2974,104,92
10/17/2019,1,6,52,2801,124,92
10/18/2019,1,6,57,3085,110,96
10/19/2019,1,6,61,3454,120,96
10/20/2019,1,6,36,3189,124,95
10/21/2019,1,6,43,3135,111,93
10/22/2019,1,6,47,3203,122,94
10/23/2019,1,6,50,3170,115,95
10/24/2019,1,6,50,3205,118,93
10/25/2019,1,6,56,2909,109,95
10/26/2019,1,6,56,2970,125,94
10/27/2019,1,6,41,3095,122,91
10/28/2019,1,6,45,2603,107,95
10/29/2019,1,6,55,3413,122,93
10/30/2019,1,6,46,2911,120,92
10/31/2019,1,6,69,2988,118,97
11/1/2019,1,6,55,3005,121,97
11/2/2019,1,6,65,3097,112,96
11/3/2019,1,6,43,3408,102,95
11/4/2019,1,6,62,2946,108,94
11/5/2019,1,6,46,3030,121,92
11/6/2019,1,6,52,2829,103,96
11/7/2019,1,6,50,3136,106,93
11/8/2019,1,6,70,3116,125,92
11/9/2019,1,6,54,3257,118,95
11/10/2019,1,6,33,3010,106,97
11/11/2019,1,6,48,3059,117,97
11/12/2019,1,6,46,2738,123,92
11/13/2019,1,6,53,2705,125,94
11/14/2019,1,6,58,3000,114,97
11/15/2019,1,6,54,2898,118,91
11/16/2019,1,6,63,3324,124,95
11/17/2019,1,6,41,3452,120,91
11/18/2019,1,6,43,2968,113,96
11/19/2019,1,6,38,3065,104,95
11/20/2019,1,6,49,2939,107,91
11/21/2019,1,6,61,3335,110,94
11/22/2019,1,6,64,2703,109,96
11/23/2019,1,6,64,2501,118,96
11/24/2019,1,6,27,2903,120,91
11/25/2019,1,6,60,2705,104,95
11/26/2019,1,6,55,3182,119,97
11/27/2019,1,6,55,2578,117,95
11/28/2019,1,6,49,2549,104,95
11/29/2019,1,6,72,3372,101,93
11/30/2019,1,6,74,2985,113,91
12/1/2019,1,6,27,2945,125,96
12/2/2019,1,6,36,3490,106,93
12/3/2019,1,6,36,2605,121,91
12/4/2019,1,6,28,3069,110,92
12/5/2019,1,6,35,3231,109,92
12/6/2019,1,6,47,2970,117,91
12/7/2019,1,6,32,2655,110,95
12/8/2019,1,6,27,3217,102,95
12/9/2019,1,6,25,3426,113,94
12/10/2019,1,6,26,2751,122,95
12/11/2019,1,6,40,3230,102,94
12/12/2019,1,6,44,3184,105,92
12/13/2019,1,6,45,2806,115,94
12/14/2019,1,6,42,2845,106,94
12/15/2019,1,6,24,3122,109,92
12/16/2019,1,6,49,3272,106,95
12/17/2019,1,6,31,2768,120,91
12/18/2019,1,6,48,3131,123,96
12/19/2019,1,6,34,2728,110,92
12/20/2019,1,6,34,3223,114,94
12/21/2019,1,6,52,3225,108,92
12/22/2019,1,6,28,2778,118,96
12/23/2019,1,6,39,3449,125,96
12/24/2019,1,6,32,2847,121,94
12/25/2019,1,6,41,2675,106,93
12/26/2019,1,6,42,2675,120,93
12/27/2019,1,6,52,2756,122,91
12/28/2019,1,6,50,3013,120,95
12/29/2019,1,6,29,2962,113,95
12/30/2019,1,6,36,2508,116,97
12/31/2019,1,6,40,3329,112,95
1/1/2020,1,6,32,3123,125,92
1/2/2020,1,6,33,3418,110,96
1/3/2020,1,6,32,2571,121,97
1/4/2020,1,6,44,3368,103,95
1/5/2020,1,6,30,3297,124,95
1/6/2020,1,6,34,2693,111,97
1/7/2020,1,6,37,3392,115,93
1/8/2020,1,6,43,2985,120,92
1/9/2020,1,6,41,2819,111,97
1/10/2020,1,6,39,3125,104,93
1/11/2020,1,6,43,3402,108,96
1/12/2020,1,6,17,3385,115,94
1/13/2020,1,6,42,2646,101,97
1/14/2020,1,6,25,2907,110,93
1/15/2020,1,6,35,3048,124,93
1/16/2020,1,6,28,2863,105,95
1/17/2020,1,6,39,3386,122,97
1/18/2020,1,6,43,2883,105,94
1/19/2020,1,6,30,3195,101,96
1/20/2020,1,6,30,3051,109,94
1/21/2020,1,6,28,2620,112,96
1/22/2020,1,6,33,2845,116,92
1/23/2020,1,6,30,3250,122,95
1/24/2020,1,6,43,3469,103,95
1/25/2020,1,6,40,2733,105,92
1/26/2020,1,6,35,2531,124,96
1/27/2020,1,6,38,2849,114,97
1/28/2020,1,6,25,3039,113,95
1/29/2020,1,6,32,3342,108,91
1/30/2020,1,6,39,2663,122,91
1/31/2020,1,6,51,3021,117,97
2/1/2020,1,6,43,2816,110,97
2/2/2020,1,6,29,2929,101,94
2/3/2020,1,6,37,2732,102,97
2/4/2020,1,6,40,2728,114,94
2/5/2020,1,6,39,3495,115,94
2/6/2020,1,6,50,3366,118,97
2/7/2020,1,6,42,2889,115,91
2/8/2020,1,6,48,3079,106,95
2/9/2020,1,6,41,2868,101,94
2/10/2020,1,6,35,3261,109,96
2/11/2020,1,6,38,3353,121,93
2/12/2020,1,6,37,2654,122,97
2/13/2020,1,6,42,2589,113,92
2/14/2020,1,6,49,3314,107,93
2/15/2020,1,6,52,2822,123,95
2/16/2020,1,6,23,3365,110,94
2/17/2020,1,6,40,3213,111,91
2/18/2020,1,6,31,3026,102,95
2/19/2020,1,6,45,2816,116,96
2/20/2020,1,6,38,3014,119,95
2/21/2020,1,6,47,2781,121,95
2/22/2020,1,6,52,2730,122,92
2/23/2020,1,6,31,3493,120,97
2/24/2020,1,6,43,3244,108,94
2/25/2020,1,6,31,3497,112,91
2/26/2020,1,6,39,3384,123,97
2/27/2020,1,6,37,3080,107,94
2/28/2020,1,6,37,2548,118,92
3/1/2020,1,6,44,3445,110,91
3/2/2020,1,6,41,3500,115,93
3/3/2020,1,6,44,2895,112,91
3/4/2020,1,6,49,3000,120,91
3/5/2020,1,6,59,3400,101,96
3/6/2020,1,6,49,3465,122,94
3/7/2020,1,6,52,2914,125,91
3/8/2020,1,6,58,3219,118,96
3/9/2020,1,6,35,3321,105,92
3/10/2020,1,6,41,3142,125,93
3/11/2020,1,6,59,3474,115,94
3/12/2020,1,6,36,3348,104,94
3/13/2020,1,6,68,3432,117,93
3/14/2020,1,6,50,2852,104,94
3/15/2020,1,6,56,2615,108,92
3/16/2020,1,6,35,2844,102,91
3/17/2020,1,6,44,2705,105,92
3/18/2020,1,6,38,3451,104,96
3/19/2020,1,6,40,3201,111,94
3/20/2020,1,6,54,2589,108,91
3/21/2020,1,6,58,3215,124,92
3/22/2020,1,6,61,2813,116,91
3/23/2020,1,6,38,3175,108,95
3/24/2020,1,6,42,2698,105,95
3/25/2020,1,6,40,3473,125,95
3/26/2020,1,6,57,3450,117,96
3/27/2020,1,6,46,2686,109,96
3/28/2020,1,6,42,2782,104,96
3/29/2020,1,6,45,2846,101,95
3/30/2020,1,6,34,3070,105,97
3/31/2020,1,6,49,3000,122,96
4/1/2020,1,6,51,2745,123,93
4/2/2020,1,6,57,3428,107,91
4/3/2020,1,6,69,3019,119,96
4/4/2020,1,6,70,2936,104,97
4/5/2020,1,6,66,3462,117,93
4/6/2020,1,6,41,2886,104,94
4/7/2020,1,6,42,2782,120,94
4/8/2020,1,6,58,3257,102,93
4/9/2020,1,6,57,3016,109,94
4/10/2020,1,6,49,3319,102,93
4/11/2020,1,6,70,3478,107,96
4/12/2020,1,6,54,2995,125,96
4/13/2020,1,6,41,2616,120,95
4/14/2020,1,6,52,3476,101,95
4/15/2020,1,6,52,2790,104,92
4/16/2020,1,6,44,3419,112,91
4/17/2020,1,6,55,3144,110,97
4/18/2020,1,6,62,3260,111,97
4/19/2020,1,6,70,2627,123,97
4/20/2020,1,6,33,2896,109,95
4/21/2020,1,6,49,2861,101,96
4/22/2020,1,6,60,3105,120,96
4/23/2020,1,6,59,2618,123,94
4/24/2020,1,6,56,3066,123,92
4/25/2020,1,6,61,2723,114,95
4/26/2020,1,6,54,2518,101,94
4/27/2020,1,6,40,3186,109,93
4/28/2020,1,6,55,2539,114,97
4/29/2020,1,6,39,3415,120,93
4/30/2020,1,6,57,2830,124,95
5/1/2020,1,6,74,2905,108,91
5/2/2020,1,6,63,2621,105,95
5/3/2020,1,6,78,2509,115,95
5/4/2020,1,6,58,3196,115,94
5/5/2020,1,6,56,3282,110,97
5/6/2020,1,6,56,3253,121,94
5/7/2020,1,6,57,3153,122,97
5/8/2020,1,6,58,3354,118,94
5/9/2020,1,6,65,3310,124,92
5/10/2020,1,6,71,3082,111,93
5/11/2020,1,6,57,3161,114,92
5/12/2020,1,6,44,2678,102,93
5/13/2020,1,6,49,2636,105,92
5/14/2020,1,6,64,3324,125,94
5/15/2020,1,6,69,3476,102,93
5/16/2020,1,6,60,2974,120,94
5/17/2020,1,6,86,3334,104,91
5/18/2020,1,6,52,3444,116,94
5/19/2020,1,6,72,3098,121,91
5/20/2020,1,6,57,3419,104,97
5/21/2020,1,6,62,2871,108,92
5/22/2020,1,6,59,3420,103,97
5/23/2020,1,6,67,2906,119,95
5/24/2020,1,6,74,2795,119,96
5/25/2020,1,6,45,2594,104,96
5/26/2020,1,6,63,2571,102,95
5/27/2020,1,6,58,3259,101,97
5/28/2020,1,6,63,3282,104,95
5/29/2020,1,6,57,2696,116,92
5/30/2020,1,6,62,2789,117,95
5/31/2020,1,6,83,2828,112,91
6/1/2020,1,6,40,2792,125,97
6/2/2020,1,6,60,3108,112,93
6/3/2020,1,6,58,2893,118,97
6/4/2020,1,6,66,3247,116,95
6/5/2020,1,6,76,2803,115,92
6/6/2020,1,6,59,3283,111,94
6/7/2020,1,6,63,2971,114,96
6/8/2020,1,6,51,2884,112,95
6/9/2020,1,6,50,2568,117,93
6/10/2020,1,6,63,3058,120,94
6/11/2020,1,6,62,3389,112,93
6/12/2020,1,6,64,3039,104,96
6/13/2020,1,6,71,3410,102,93
6/14/2020,1,6,59,2513,111,91
6/15/2020,1,6,55,2748,122,95
6/16/2020,1,6,71,2540,103,96
6/17/2020,1,6,51,3194,116,95
6/18/2020,1,6,69,2685,104,91
6/19/2020,1,6,74,3032,124,94
6/20/2020,1,6,69,2634,104,96
6/21/2020,1,6,67,2854,119,96
6/22/2020,1,6,54,2723,114,97
6/23/2020,1,6,59,2512,114,96
6/24/2020,1,6,65,2779,124,95
6/25/2020,1,6,62,2938,116,96
6/26/2020,1,6,71,3036,110,96
6/27/2020,1,6,71,2504,119,97
6/28/2020,1,6,70,2651,113,93
6/29/2020,1,6,43,3415,101,97
6/30/2020,1,6,59,2981,118,92
7/1/2020,1,6,61,3286,114,97
7/2/2020,1,6,57,2660,104,93
7/3/2020,1,6,75,3404,118,97
7/4/2020,1,6,73,3181,107,93
7/5/2020,1,6,73,2741,123,92
7/6/2020,1,6,44,2918,101,97
7/7/2020,1,6,56,2627,119,92
7/8/2020,1,6,69,3198,115,94
7/9/2020,1,6,52,2670,109,91
7/10/2020,1,6,62,3079,125,92
7/11/2020,1,6,85,2675,107,91
7/12/2020,1,6,73,2622,121,94
7/13/2020,1,6,62,3093,122,97
7/14/2020,1,6,56,3400,124,97
7/15/2020,1,6,66,3375,123,93
7/16/2020,1,6,70,3270,105,96
7/17/2020,1,6,76,3064,111,91
7/18/2020,1,6,63,2827,101,93
7/19/2020,1,6,87,3408,109,92
7/20/2020,1,6,48,2551,112,97
7/21/2020,1,6,54,2965,122,92
7/22/2020,1,6,69,3481,105,92
7/23/2020,1,6,63,3352,112,94
7/24/2020,1,6,64,3085,110,94
7/25/2020,1,6,99,3494,114,96
7/26/2020,1,6,91,2632,124,92
7/27/2020,1,6,64,2603,110,96
7/28/2020,1,6,59,3212,110,91
7/29/2020,1,6,70,3333,107,91
7/30/2020,1,6,65,2774,121,91
7/31/2020,1,6,49,2773,117,96
8/1/2020,1,6,68,2659,113,97
8/2/2020,1,6,62,3453,112,91
8/3/2020,1,6,57,3008,122,93
8/4/2020,1,6,56,2532,125,97
8/5/2020,1,6,65,3266,113,94
8/6/2020,1,6,63,3006,115,95
8/7/2020,1,6,66,2667,119,96
8/8/2020,1,6,69,2732,101,95
8/9/2020,1,6,79,3136,110,97
8/10/2020,1,6,39,2805,122,95
8/11/2020,1,6,44,3079,112,92
8/12/2020,1,6,51,2641,124,94
8/13/2020,1,6,56,3292,123,94
8/14/2020,1,6,65,2897,115,94
8/15/2020,1,6,59,3163,118,95
8/16/2020,1,6,74,3244,115,93
8/17/2020,1,6,52,2665,117,97
8/18/2020,1,6,44,2620,107,95
8/19/2020,1,6,49,2895,114,92
8/20/2020,1,6,47,2956,105,91
8/21/2020,1,6,65,2536,118,96
8/22/2020,1,6,67,2759,102,94
8/23/2020,1,6,62,2660,101,92
8/24/2020,1,6,39,2869,109,92
8/25/2020,1,6,62,3370,105,91
8/26/2020,1,6,62,2700,102,97
8/27/2020,1,6,43,2698,120,95
8/28/2020,1,6,51,3190,118,96
8/29/2020,1,6,72,3022,108,95
8/30/2020,1,6,93,2533,120,92
8/31/2020,1,6,42,3244,112,97
9/1/2020,1,6,51,3146,104,92
9/2/2020,1,6,67,3458,111,93
9/3/2020,1,6,58,2977,111,91
9/4/2020,1,6,57,3109,106,96
9/5/2020,1,6,67,2570,113,95
9/6/2020,1,6,69,3357,106,94
9/7/2020,1,6,49,2662,121,95
9/8/2020,1,6,48,2585,119,95
9/9/2020,1,6,47,3033,108,94
9/10/2020,1,6,53,2642,112,95
9/11/2020,1,6,55,2873,119,91
9/12/2020,1,6,61,3400,106,95
9/13/2020,1,6,74,2930,124,95
9/14/2020,1,6,46,2972,113,91
9/15/2020,1,6,51,2606,103,95
9/16/2020,1,6,35,3004,125,96
9/17/2020,1,6,45,2623,109,97
9/18/2020,1,6,67,3346,113,91
9/19/2020,1,6,62,2694,103,95
9/20/2020,1,6,66,2996,102,97
9/21/2020,1,6,44,3475,120,95
9/22/2020,1,6,53,2942,123,94
9/23/2020,1,6,62,2940,125,95
9/24/2020,1,6,53,2899,105,94
9/25/2020,1,6,60,3125,120,91
9/26/2020,1,6,67,2571,108,94
9/27/2020,1,6,63,2695,122,93
9/28/2020,1,6,38,2697,120,94
9/29/2020,1,6,48,2749,121,93
9/30/2020,1,6,59,2558,101,95
10/1/2020,1,6,54,2678,124,92
10/2/2020,1,6,44,3209,124,92
10/3/2020,1,6,48,2950,105,93
10/4/2020,1,6,68,3041,107,91
10/5/2020,1,6,47,3076,111,93
10/6/2020,1,6,50,3110,101,96
10/7/2020,1,6,34,3220,121,95
10/8/2020,1,6,52,2574,116,91
10/9/2020,1,6,54,2606,106,96
10/10/2020,1,6,67,3217,112,93
10/11/2020,1,6,56,2991,119,92
10/12/2020,1,6,39,3269,123,94
10/13/2020,1,6,61,2591,115,92
10/14/2020,1,6,54,2767,107,95
10/15/2020,1,6,36,2914,121,91
10/16/2020,1,6,67,2564,123,97
10/17/2020,1,6,48,2959,118,91
10/18/2020,1,6,61,2654,101,92
10/19/2020,1,6,33,2643,113,93
10/20/2020,1,6,47,2544,102,95
10/21/2020,1,6,61,3433,109,91
10/22/2020,1,6,63,3074,117,93
10/23/2020,1,6,52,3038,122,95
10/24/2020,1,6,58,3257,123,97
10/25/2020,1,6,56,2761,114,96
10/26/2020,1,6,34,2879,107,96
10/27/2020,1,6,50,3198,105,96
10/28/2020,1,6,36,3490,101,94
10/29/2020,1,6,48,2897,111,95
10/30/2020,1,6,66,2824,120,96
10/31/2020,1,6,50,3115,121,95
11/1/2020,1,6,66,2660,117,91
11/2/2020,1,6,41,3285,101,92
11/3/2020,1,6,48,3386,109,97
11/4/2020,1,6,68,2634,116,92
11/5/2020,1,6,64,3261,123,95
11/6/2020,1,6,54,2620,125,91
11/7/2020,1,6,60,3020,117,96
11/8/2020,1,6,60,3001,102,97
11/9/2020,1,6,41,3193,105,97
11/10/2020,1,6,49,2699,117,95
11/11/2020,1,6,51,2548,124,97
11/12/2020,1,6,53,3157,110,97
11/13/2020,1,6,49,2796,122,93
11/14/2020,1,6,49,3359,117,97
11/15/2020,1,6,55,3248,109,92
11/16/2020,1,6,33,2729,112,96
11/17/2020,1,6,47,2653,115,92
11/18/2020,1,6,46,3267,110,94
11/19/2020,1,6,42,3101,114,92
11/20/2020,1,6,75,2680,105,92
11/21/2020,1,6,60,3020,124,91
11/22/2020,1,6,62,2927,105,95
11/23/2020,1,6,46,2506,116,91
11/24/2020,1,6,50,3108,106,93
11/25/2020,1,6,42,3246,108,92
11/26/2020,1,6,58,2650,104,96
11/27/2020,1,6,51,3041,117,96
11/28/2020,1,6,61,2618,109,93
11/29/2020,1,6,62,2622,122,96
11/30/2020,1,6,47,2548,101,93
12/1/2020,1,6,37,2695,107,97
12/2/2020,1,6,39,2849,123,94
12/3/2020,1,6,44,3039,108,97
12/4/2020,1,6,30,2692,121,92
12/5/2020,1,6,54,3089,114,97
12/6/2020,1,6,47,2984,108,92
12/7/2020,1,6,26,3211,121,95
12/8/2020,1,6,35,2619,123,92
12/9/2020,1,6,41,2900,102,97
12/10/2020,1,6,34,3274,125,93
12/11/2020,1,6,51,2956,119,97
12/12/2020,1,6,47,2995,108,97
12/13/2020,1,6,43,3326,121,95
12/14/2020,1,6,32,3195,117,94
12/15/2020,1,6,32,3291,104,93
12/16/2020,1,6,44,3388,124,93
12/17/2020,1,6,36,2754,107,95
12/18/2020,1,6,25,3236,103,95
12/19/2020,1,6,40,3368,111,97
12/20/2020,1,6,41,2606,122,95
12/21/2020,1,6,27,3197,102,97
12/22/2020,1,6,32,3149,122,93
12/23/2020,1,6,42,3223,120,92
12/24/2020,1,6,51,3424,115,94
12/25/2020,1,6,42,2597,116,97
12/26/2020,1,6,53,2912,119,95
12/27/2020,1,6,58,2972,115,93
12/28/2020,1,6,26,3137,107,97
12/29/2020,1,6,41,2835,101,94
12/30/2020,1,6,38,2964,117,95
12/31/2020,1,6,40,3462,119,96
1/1/2021,1,6,34,3315,123,94
1/2/2021,1,6,36,2553,119,91
1/3/2021,1,6,60,2633,111,96
1/4/2021,1,6,23,3132,120,94
1/5/2021,1,6,40,3137,108,96
1/6/2021,1,6,37,3247,123,94
1/7/2021,1,6,41,3111,105,93
1/8/2021,1,6,41,3476,121,94
1/9/2021,1,6,54,3213,123,97
1/10/2021,1,6,37,2954,115,92
1/11/2021,1,6,26,3011,107,91
1/12/2021,1,6,37,3162,122,92
1/13/2021,1,6,40,3439,119,93
1/14/2021,1,6,43,2826,103,97
1/15/2021,1,6,43,2708,123,95
1/16/2021,1,6,40,2786,106,91
1/17/2021,1,6,46,3357,119,97
1/18/2021,1,6,24,3381,106,96
1/19/2021,1,6,39,2828,112,94
1/20/2021,1,6,36,2786,118,94
1/21/2021,1,6,38,3497,121,93
1/22/2021,1,6,41,2623,104,94
1/23/2021,1,6,52,3443,107,94
1/24/2021,1,6,43,2925,109,95
1/25/2021,1,6,32,2878,124,92
1/26/2021,1,6,47,2832,117,96
1/27/2021,1,6,31,3500,105,91
1/28/2021,1,6,45,3206,123,97
1/29/2021,1,6,38,3114,108,92
1/30/2021,1,6,45,2859,107,95
1/31/2021,1,6,56,2914,101,96
2/1/2021,1,6,35,2547,109,93
2/2/2021,1,6,39,2735,124,96
2/3/2021,1,6,43,2729,121,93
2/4/2021,1,6,40,2966,116,97
2/5/2021,1,6,53,3480,111,91
2/6/2021,1,6,59,3036,107,93
2/7/2021,1,6,47,3242,109,97
2/8/2021,1,6,26,3390,115,92
2/9/2021,1,6,49,3147,120,95
2/10/2021,1,6,43,3392,120,95
2/11/2021,1,6,40,2854,122,93
2/12/2021,1,6,46,2926,118,92
2/13/2021,1,6,60,2815,103,93
2/14/2021,1,6,54,3150,108,97
2/15/2021,1,6,43,3040,116,91
2/16/2021,1,6,42,3320,114,96
2/17/2021,1,6,36,3393,121,94
2/18/2021,1,6,48,3173,118,93
2/19/2021,1,6,40,3195,124,96
2/20/2021,1,6,63,2826,103,92
2/21/2021,1,6,60,3071,110,94
2/22/2021,1,6,37,3309,121,93
2/23/2021,1,6,31,2763,115,93
2/24/2021,1,6,35,3442,123,94
2/25/2021,1,6,43,2791,102,93
2/26/2021,1,6,40,3366,116,94
2/27/2021,1,6,58,3188,112,97
2/28/2021,1,6,52,2504,109,94
2/29/2021,1,6,40,2857,122,91
3/1/2021,1,6,53,3332,118,91
3/2/2021,1,6,54,3224,109,94
3/3/2021,1,6,53,2512,108,93
3/4/2021,1,6,74,3102,106,97
3/5/2021,1,6,73,3083,105,93
3/6/2021,1,6,75,3303,109,96
3/7/2021,1,6,51,3422,116,93
3/8/2021,1,6,51,2929,108,94
3/9/2021,1,6,48,2721,101,95
3/10/2021,1,6,46,2581,115,95
3/11/2021,1,6,65,2842,105,94
3/12/2021,1,6,51,3463,102,91
3/13/2021,1,6,66,3170,123,92
3/14/2021,1,6,49,2679,105,92
3/15/2021,1,6,56,3411,107,91
3/16/2021,1,6,46,2785,113,91
3/17/2021,1,6,43,3470,109,97
3/18/2021,1,6,62,2727,113,95
3/19/2021,1,6,55,3317,108,92
3/20/2021,1,6,50,3278,113,95
3/21/2021,1,6,55,3337,116,95
3/22/2021,1,6,49,2860,125,94
3/23/2021,1,6,58,3286,114,93
3/24/2021,1,6,58,3242,120,92
3/25/2021,1,6,56,3005,108,94
3/26/2021,1,6,58,3469,120,94
3/27/2021,1,6,62,3469,104,92
3/28/2021,1,6,42,2683,110,95
3/29/2021,1,6,60,2877,124,91
3/30/2021,1,6,37,3431,114,96
3/31/2021,1,6,50,2590,111,93
4/1/2021,1,6,63,2705,114,91
4/2/2021,1,6,78,3410,108,96
4/3/2021,1,6,59,2923,109,93
4/4/2021,1,6,45,3470,114,94
4/5/2021,1,6,51,2905,109,95
4/6/2021,1,6,54,2542,122,97
4/7/2021,1,6,52,3409,104,96
4/8/2021,1,6,65,2941,117,94
4/9/2021,1,6,62,2625,120,92
4/10/2021,1,6,71,2613,115,91
4/11/2021,1,6,57,2834,115,97
4/12/2021,1,6,47,3191,109,91
4/13/2021,1,6,46,3389,101,97
4/14/2021,1,6,74,2915,121,94
4/15/2021,1,6,65,3445,106,91
4/16/2021,1,6,77,3094,120,95
4/17/2021,1,6,72,3099,121,93
4/18/2021,1,6,43,2925,111,94
4/19/2021,1,6,59,2984,112,96
4/20/2021,1,6,51,2909,118,96
4/21/2021,1,6,65,3439,117,93
4/22/2021,1,6,58,2685,120,95
4/23/2021,1,6,80,2636,124,91
4/24/2021,1,6,75,3355,125,91
4/25/2021,1,6,44,3242,109,96
4/26/2021,1,6,70,2827,104,97
4/27/2021,1,6,47,2851,118,92
4/28/2021,1,6,67,2641,120,95
4/29/2021,1,6,62,3094,109,91
4/30/2021,1,6,70,3275,101,94
5/1/2021,1,6,75,3211,107,95
5/2/2021,1,6,53,2930,109,96
5/3/2021,1,6,51,2992,116,93
5/4/2021,1,6,60,3412,101,96
5/5/2021,1,6,62,2636,106,94
5/6/2021,1,6,73,2706,107,96
5/7/2021,1,6,70,2573,106,97
5/8/2021,1,6,74,3000,123,93
5/9/2021,1,6,49,2556,111,95
5/10/2021,1,6,62,3051,111,95
5/11/2021,1,6,76,3013,107,93
5/12/2021,1,6,76,2731,123,97
5/13/2021,1,6,56,3430,101,92
5/14/2021,1,6,84,2944,111,94
5/15/2021,1,6,95,2584,119,93
5/16/2021,1,6,56,2761,110,95
5/17/2021,1,6,43,3314,107,93
5/18/2021,1,6,47,2779,124,92
5/19/2021,1,6,71,3478,112,97
5/20/2021,1,6,58,2713,120,97
5/21/2021,1,6,71,3194,102,93
5/22/2021,1,6,87,3241,101,94
5/23/2021,1,6,49,3371,110,92
5/24/2021,1,6,63,3105,106,92
5/25/2021,1,6,50,2658,102,94
5/26/2021,1,6,57,3206,108,92
5/27/2021,1,6,69,2589,120,94
5/28/2021,1,6,81,2990,121,97
5/29/2021,1,6,71,2825,108,91
5/30/2021,1,6,65,2738,101,91
5/31/2021,1,6,67,2757,110,95
6/1/2021,1,6,69,2851,114,91
6/2/2021,1,6,60,3323,116,97
6/3/2021,1,6,89,3241,103,93
6/4/2021,1,6,81,2943,101,93
6/5/2021,1,6,81,3454,112,95
6/6/2021,1,6,52,2581,107,95
6/7/2021,1,6,54,3307,104,91
6/8/2021,1,6,71,3145,115,94
6/9/2021,1,6,58,2949,121,91
6/10/2021,1,6,75,3430,106,96
6/11/2021,1,6,76,3225,115,92
6/12/2021,1,6,74,3396,102,91
6/13/2021,1,6,51,3217,105,93
6/14/2021,1,6,59,2515,122,95
6/15/2021,1,6,61,3459,119,93
6/16/2021,1,6,67,3479,108,92
6/17/2021,1,6,80,3127,103,96
6/18/2021,1,6,68,2633,116,91
6/19/2021,1,6,73,3310,104,96
6/20/2021,1,6,56,3008,108,97
6/21/2021,1,6,54,3227,102,93
6/22/2021,1,6,74,3327,103,92
6/23/2021,1,6,70,3074,106,91
6/24/2021,1,6,77,2508,109,93
6/25/2021,1,6,76,2627,110,92
6/26/2021,1,6,73,2638,108,97
6/27/2021,1,6,40,3366,106,96
6/28/2021,1,6,65,3268,109,96
6/29/2021,1,6,66,2607,109,91
6/30/2021,1,6,68,3173,124,91
7/1/2021,1,6,74,2597,106,91
7/2/2021,1,6,83,3319,101,95
7/3/2021,1,6,96,3396,122,95
7/4/2021,1,6,56,3090,111,93
7/5/2021,1,6,57,3115,103,93
7/6/2021,1,6,81,3441,123,92
7/7/2021,1,6,69,2932,106,91
7/8/2021,1,6,87,2913,110,97
7/9/2021,1,6,77,2989,114,95
7/10/2021,1,6,90,2861,103,95
7/11/2021,1,6,65,2810,115,94
7/12/2021,1,6,73,3461,108,95
7/13/2021,1,6,70,3110,119,95
7/14/2021,1,6,70,2510,101,93
7/15/2021,1,6,82,2631,109,96
7/16/2021,1,6,84,2690,118,95
7/17/2021,1,6,94,2693,104,96
7/18/2021,1,6,53,3183,104,93
7/19/2021,1,6,91,3496,119,93
7/20/2021,1,6,75,2831,119,95
7/21/2021,1,6,71,2529,114,97
7/22/2021,1,6,81,2962,122,91
7/23/2021,1,6,63,3366,123,91
7/24/2021,1,6,88,2976,105,92
7/25/2021,1,6,62,2579,119,97
7/26/2021,1,6,83,3341,102,97
7/27/2021,1,6,71,2670,124,91
7/28/2021,1,6,77,2943,120,95
7/29/2021,1,6,76,2576,110,91
7/30/2021,1,6,77,3138,103,92
7/31/2021,1,6,103,2819,115,94
8/1/2021,1,6,46,2719,107,96
8/2/2021,1,6,65,3410,105,93
8/3/2021,1,6,59,3253,102,91
8/4/2021,1,6,59,2921,112,96
8/5/2021,1,6,77,3155,121,91
8/6/2021,1,6,65,3456,122,96
8/7/2021,1,6,77,2977,125,91
8/8/2021,1,6,64,3421,121,95
8/9/2021,1,6,66,2762,111,91
8/10/2021,1,6,55,3425,103,95
8/11/2021,1,6,81,2852,101,96
8/12/2021,1,6,72,2834,113,94
8/13/2021,1,6,71,3066,121,96
8/14/2021,1,6,77,2540,101,96
8/15/2021,1,6,41,2987,122,95
8/16/2021,1,6,73,3460,104,93
8/17/2021,1,6,62,2878,114,92
8/18/2021,1,6,75,2624,116,92
8/19/2021,1,6,67,3405,108,95
8/20/2021,1,6,74,3238,101,91
8/21/2021,1,6,76,3103,104,91
8/22/2021,1,6,50,2562,102,95
8/23/2021,1,6,70,3295,121,95
8/24/2021,1,6,55,2779,101,93
8/25/2021,1,6,74,2881,109,95
8/26/2021,1,6,64,2734,102,97
8/27/2021,1,6,69,2646,115,95
8/28/2021,1,6,93,3051,113,91
8/29/2021,1,6,55,3009,122,93
8/30/2021,1,6,53,3396,123,92
8/31/2021,1,6,62,2998,116,94
9/1/2021,1,6,64,3107,123,96
9/2/2021,1,6,81,3268,108,97
9/3/2021,1,6,56,3363,105,96
9/4/2021,1,6,81,2856,102,94
9/5/2021,1,6,39,3432,122,93
9/6/2021,1,6,54,2674,109,93
9/7/2021,1,6,56,2948,125,92
9/8/2021,1,6,68,3241,113,95
9/9/2021,1,6,64,3448,109,94
9/10/2021,1,6,74,2647,125,91
9/11/2021,1,6,72,2603,124,92
9/12/2021,1,6,45,2612,121,93
9/13/2021,1,6,50,2745,113,93
9/14/2021,1,6,60,2978,116,93
9/15/2021,1,6,64,2550,115,95
9/16/2021,1,6,69,3241,115,92
9/17/2021,1,6,84,2634,101,93
9/18/2021,1,6,59,2914,116,95
9/19/2021,1,6,42,2874,114,91
9/20/2021,1,6,53,2699,112,95
9/21/2021,1,6,63,2839,108,91
9/22/2021,1,6,59,3002,107,91
9/23/2021,1,6,64,2984,101,91
9/24/2021,1,6,59,2544,118,93
9/25/2021,1,6,63,2501,102,92
9/26/2021,1,6,52,2698,106,92
9/27/2021,1,6,50,2725,122,92
9/28/2021,1,6,60,2603,121,91
9/29/2021,1,6,56,2962,102,97
9/30/2021,1,6,75,2608,110,93
10/1/2021,1,6,68,3479,118,92
10/2/2021,1,6,65,2556,125,96
10/3/2021,1,6,57,3148,114,94
10/4/2021,1,6,45,3360,113,94
10/5/2021,1,6,39,2908,123,97
10/6/2021,1,6,55,3172,124,97
10/7/2021,1,6,56,3245,109,94
10/8/2021,1,6,77,2694,123,94
10/9/2021,1,6,53,3064,114,97
10/10/2021,1,6,49,2599,104,91
10/11/2021,1,6,45,2753,113,93
10/12/2021,1,6,77,2851,123,92
10/13/2021,1,6,49,2677,106,91
10/14/2021,1,6,50,3025,121,91
10/15/2021,1,6,51,3455,116,94
10/16/2021,1,6,77,3458,113,94
10/17/2021,1,6,37,2538,123,92
10/18/2021,1,6,60,3270,119,91
10/19/2021,1,6,57,2842,104,96
10/20/2021,1,6,70,3326,118,91
10/21/2021,1,6,76,2771,108,92
10/22/2021,1,6,63,3227,108,92
10/23/2021,1,6,82,2644,112,93
10/24/2021,1,6,49,2864,115,94
10/25/2021,1,6,48,2873,112,92
10/26/2021,1,6,45,3278,106,97
10/27/2021,1,6,49,3371,101,94
10/28/2021,1,6,59,2963,124,96
10/29/2021,1,6,78,2896,106,96
10/30/2021,1,6,79,3133,115,96
10/31/2021,1,6,44,3209,118,97
11/1/2021,1,6,55,2762,119,93
11/2/2021,1,6,59,2684,114,95
11/3/2021,1,6,61,2561,124,97
11/4/2021,1,6,62,3243,120,92
11/5/2021,1,6,66,2880,125,91
11/6/2021,1,6,79,3036,121,94
11/7/2021,1,6,49,3061,121,94
11/8/2021,1,6,54,2623,122,91
11/9/2021,1,6,50,3048,113,93
11/10/2021,1,6,49,3396,105,95
11/11/2021,1,6,54,2591,112,96
11/12/2021,1,6,65,2634,117,91
11/13/2021,1,6,62,3414,125,93
11/14/2021,1,6,60,2523,115,92
11/15/2021,1,6,53,2869,119,94
11/16/2021,1,6,58,2900,118,96
11/17/2021,1,6,62,2675,119,95
11/18/2021,1,6,60,3243,118,93
11/19/2021,1,6,62,3326,104,94
11/20/2021,1,6,61,2891,125,97
11/21/2021,1,6,47,3393,105,93
11/22/2021,1,6,59,3492,118,97
11/23/2021,1,6,69,3018,112,92
11/24/2021,1,6,60,3343,112,95
11/25/2021,1,6,70,3131,116,94
11/26/2021,1,6,75,2630,111,94
11/27/2021,1,6,84,2704,118,94
11/28/2021,1,6,41,2991,108,94
11/29/2021,1,6,58,3412,121,94
11/30/2021,1,6,57,3264,105,92
12/1/2021,1,6,44,3315,123,97
12/2/2021,1,6,51,3219,105,93
12/3/2021,1,6,45,3296,103,94
12/4/2021,1,6,55,2506,112,92
12/5/2021,1,6,48,2993,117,92
12/6/2021,1,6,33,3164,114,94
12/7/2021,1,6,33,3176,104,91
12/8/2021,1,6,47,2809,115,92
12/9/2021,1,6,48,2840,125,95
12/10/2021,1,6,51,2723,109,92
12/11/2021,1,6,47,3493,106,92
12/12/2021,1,6,37,3315,123,96
12/13/2021,1,6,36,2939,106,92
12/14/2021,1,6,41,3303,104,95
12/15/2021,1,6,39,3378,121,95
12/16/2021,1,6,50,3431,111,95
12/17/2021,1,6,51,3168,112,93
12/18/2021,1,6,37,3340,113,97
12/19/2021,1,6,31,3497,122,96
12/20/2021,1,6,52,2829,117,94
12/21/2021,1,6,46,3491,105,91
12/22/2021,1,6,46,2956,114,95
12/23/2021,1,6,43,2932,106,91
12/24/2021,1,6,58,3468,120,94
12/25/2021,1,6,64,3455,109,92
12/26/2021,1,6,31,3207,124,94
12/27/2021,1,6,34,3041,107,95
12/28/2021,1,6,31,2975,113,95
12/29/2021,1,6,46,3282,111,96
12/30/2021,1,6,54,3142,123,94
12/31/2021,1,6,53,3327,106,96
1/1/2022,1,6,52,2859,120,92
1/2/2022,1,6,29,2774,116,92
1/3/2022,1,6,31,3004,109,94
1/4/2022,1,6,50,3107,102,92
1/5/2022,1,6,40,3346,115,91
1/6/2022,1,6,33,2886,124,95
1/7/2022,1,6,43,3372,121,93
1/8/2022,1,6,51,2536,116,94
1/9/2022,1,6,40,2547,113,97
1/10/2022,1,6,39,2608,124,95
1/11/2022,1,6,42,2605,124,95
1/12/2022,1,6,42,2551,106,91
1/13/2022,1,6,49,3479,123,97
1/14/2022,1,6,44,3259,103,91
1/15/2022,1,6,60,2994,106,91
1/16/2022,1,6,24,3138,114,97
1/17/2022,1,6,46,3091,122,94
1/18/2022,1,6,47,2908,106,92
1/19/2022,1,6,38,2897,120,94
1/20/2022,1,6,51,3493,120,95
1/21/2022,1,6,41,2571,106,92
1/22/2022,1,6,46,2720,107,94
1/23/2022,1,6,38,2837,116,97
1/24/2022,1,6,38,3302,116,94
1/25/2022,1,6,32,3311,107,92
1/26/2022,1,6,53,3016,113,94
1/27/2022,1,6,42,2626,108,95
1/28/2022,1,6,38,3424,111,97
1/29/2022,1,6,40,3004,111,91
1/30/2022,1,6,28,2848,106,94
1/31/2022,1,6,36,3405,108,94
2/1/2022,1,6,53,3041,114,94
2/2/2022,1,6,46,3429,102,94
2/3/2022,1,6,47,3171,111,95
2/4/2022,1,6,44,3282,107,95
2/5/2022,1,6,49,2995,110,93
2/6/2022,1,6,38,3343,125,92
2/7/2022,1,6,41,2639,115,91
2/8/2022,1,6,34,3201,112,96
2/9/2022,1,6,52,3141,116,93
2/10/2022,1,6,45,2796,122,95
2/11/2022,1,6,51,2576,118,92
2/12/2022,1,6,58,2918,107,93
2/13/2022,1,6,23,3385,122,92
2/14/2022,1,6,37,3110,121,91
2/15/2022,1,6,55,3209,123,97
2/16/2022,1,6,49,3261,102,93
2/17/2022,1,6,37,3282,125,91
2/18/2022,1,6,70,2608,119,95
2/19/2022,1,6,57,3452,124,96
2/20/2022,1,6,32,3092,111,95
2/21/2022,1,6,47,2586,116,92
2/22/2022,1,6,29,2972,101,96
2/23/2022,1,6,45,2852,110,95
2/24/2022,1,6,47,3164,111,96
2/25/2022,1,6,43,2783,103,96
2/26/2022,1,6,61,2848,104,95
2/27/2022,1,6,36,2851,103,93
2/28/2022,1,6,39,3366,116,92
3/1/2022,1,6,67,3449,104,92
3/2/2022,1,6,43,3154,118,92
3/3/2022,1,6,62,3033,121,93
3/4/2022,1,6,67,3164,101,97
3/5/2022,1,6,73,3067,121,96
3/6/2022,1,6,44,2865,105,94
3/7/2022,1,6,54,3245,124,91
3/8/2022,1,6,52,3064,102,93
3/9/2022,1,6,51,3292,111,91
3/10/2022,1,6,72,2839,115,91
3/11/2022,1,6,65,2510,101,91
3/12/2022,1,6,69,2564,109,96
3/13/2022,1,6,41,3377,119,94
3/14/2022,1,6,51,2816,114,91
3/15/2022,1,6,48,3046,116,96
3/16/2022,1,6,55,2884,107,94
3/17/2022,1,6,59,2854,103,96
3/18/2022,1,6,58,3313,115,92
3/19/2022,1,6,59,3139,114,92
3/20/2022,1,6,59,3448,125,93
3/21/2022,1,6,44,2925,109,96
3/22/2022,1,6,47,2639,120,92
3/23/2022,1,6,50,3317,103,94
3/24/2022,1,6,55,3323,117,96
3/25/2022,1,6,70,2784,114,95
3/26/2022,1,6,74,3104,117,96
3/27/2022,1,6,41,3306,109,92
3/28/2022,1,6,39,2900,122,92
3/29/2022,1,6,45,3411,119,94
3/30/2022,1,6,63,2585,122,93
3/31/2022,1,6,55,3318,122,92
4/1/2022,1,6,72,3454,122,92
4/2/2022,1,6,86,3375,112,96
4/3/2022,1,6,51,3219,108,96
4/4/2022,1,6,66,3488,118,97
4/5/2022,1,6,58,3056,123,92
4/6/2022,1,6,49,3263,113,94
4/7/2022,1,6,58,2728,125,97
4/8/2022,1,6,85,2877,114,96
4/9/2022,1,6,85,2661,116,95
4/10/2022,1,6,56,2897,102,93
4/11/2022,1,6,50,2728,114,96
4/12/2022,1,6,53,2970,113,97
4/13/2022,1,6,60,2950,111,95
4/14/2022,1,6,63,3464,109,91
4/15/2022,1,6,82,3233,123,97
4/16/2022,1,6,72,2661,104,97
4/17/2022,1,6,37,3011,113,93
4/18/2022,1,6,74,3248,113,92
4/19/2022,1,6,51,3333,123,92
4/20/2022,1,6,62,3277,106,92
4/21/2022,1,6,55,3093,105,93
4/22/2022,1,6,84,2840,121,92
4/23/2022,1,6,74,2886,119,91
4/24/2022,1,6,49,2580,113,95
4/25/2022,1,6,72,3267,122,93
4/26/2022,1,6,68,3262,110,92
4/27/2022,1,6,58,3354,104,91
4/28/2022,1,6,65,2551,103,91
4/29/2022,1,6,64,3354,103,97
4/30/2022,1,6,68,2782,125,97
5/1/2022,1,6,42,2535,107,94
5/2/2022,1,6,60,2920,123,95
5/3/2022,1,6,75,2750,102,91
5/4/2022,1,6,62,3325,115,92
5/5/2022,1,6,59,3020,105,91
5/6/2022,1,6,65,3314,122,94
5/7/2022,1,6,68,3359,103,93
5/8/2022,1,6,41,3227,122,92
5/9/2022,1,6,61,2749,105,95
5/10/2022,1,6,57,3350,110,96
5/11/2022,1,6,68,3441,116,95
5/12/2022,1,6,72,3048,102,93
5/13/2022,1,6,90,2763,122,95
5/14/2022,1,6,94,2818,106,92
5/15/2022,1,6,61,2697,119,93
5/16/2022,1,6,49,3055,106,91
5/17/2022,1,6,54,3386,116,91
5/18/2022,1,6,57,3272,106,92
5/19/2022,1,6,84,2607,102,96
5/20/2022,1,6,93,3466,118,95
5/21/2022,1,6,85,2702,117,94
5/22/2022,1,6,51,2868,121,96
5/23/2022,1,6,72,2917,113,97
5/24/2022,1,6,52,2745,122,91
5/25/2022,1,6,72,2623,107,97
5/26/2022,1,6,74,3155,111,96
5/27/2022,1,6,77,3182,112,97
5/28/2022,1,6,81,3148,125,94
5/29/2022,1,6,43,2634,125,95
5/30/2022,1,6,65,3492,114,97
5/31/2022,1,6,69,3146,110,93
6/1/2022,1,6,65,2593,124,96
6/2/2022,1,6,56,3497,106,95
6/3/2022,1,6,56,2537,124,97
6/4/2022,1,6,76,3322,110,96
6/5/2022,1,6,44,2582,103,96
6/6/2022,1,6,65,2865,124,96
6/7/2022,1,6,66,3277,114,95
6/8/2022,1,6,72,3247,114,93
6/9/2022,1,6,75,3465,104,97
6/10/2022,1,6,73,3020,101,94
6/11/2022,1,6,75,2954,119,95
6/12/2022,1,6,58,2919,105,94
6/13/2022,1,6,63,2837,123,95
6/14/2022,1,6,58,2633,113,92
6/15/2022,1,6,74,2974,117,95
6/16/2022,1,6,77,3146,104,96
6/17/2022,1,6,79,2841,121,96
6/18/2022,1,6,81,3008,121,94
6/19/2022,1,6,48,3202,110,94
6/20/2022,1,6,75,2917,102,93
6/21/2022,1,6,71,3420,105,93
6/22/2022,1,6,74,2883,121,95
6/23/2022,1,6,77,3166,108,91
6/24/2022,1,6,73,3474,101,97
6/25/2022,1,6,95,2500,112,93
6/26/2022,1,6,49,3477,120,94
6/27/2022,1,6,67,2817,124,93
6/28/2022,1,6,70,2903,111,97
6/29/2022,1,6,61,2607,113,91
6/30/2022,1,6,74,2611,101,94
7/1/2022,1,6,83,3250,117,93
7/2/2022,1,6,89,2763,101,95
7/3/2022,1,6,73,2866,115,95
7/4/2022,1,6,69,3238,108,94
7/5/2022,1,6,68,2537,102,92
7/6/2022,1,6,83,2511,101,92
7/7/2022,1,6,101,2577,107,91
7/8/2022,1,6,93,3434,117,96
7/9/2022,1,6,92,2921,124,92
7/10/2022,1,6,59,3164,115,92
7/11/2022,1,6,62,2585,111,97
7/12/2022,1,6,71,2623,120,91
7/13/2022,1,6,67,3127,117,96
7/14/2022,1,6,86,2752,104,94
7/15/2022,1,6,95,3201,112,95
7/16/2022,1,6,104,2616,111,96
7/17/2022,1,6,78,3248,124,95
7/18/2022,1,6,61,2920,122,96
7/19/2022,1,6,73,3423,118,97
7/20/2022,1,6,69,2965,105,97
7/21/2022,1,6,77,2874,105,96
7/22/2022,1,6,75,2851,112,96
7/23/2022,1,6,97,3202,103,92
7/24/2022,1,6,57,3390,112,93
7/25/2022,1,6,66,2675,105,97
7/26/2022,1,6,62,3374,113,96
7/27/2022,1,6,66,2605,115,91
7/28/2022,1,6,72,2816,117,95
7/29/2022,1,6,68,3090,105,94
7/30/2022,1,6,98,2552,122,91
7/31/2022,1,6,55,3242,103,93
8/1/2022,1,6,58,2848,119,97
8/2/2022,1,6,46,3309,125,91
8/3/2022,1,6,72,2719,103,96
8/4/2022,1,6,80,2777,104,92
8/5/2022,1,6,76,2952,105,92
8/6/2022,1,6,96,3430,102,96
8/7/2022,1,6,58,2707,120,92
8/8/2022,1,6,53,2802,124,95
8/9/2022,1,6,67,2693,111,92
8/10/2022,1,6,61,2709,108,91
8/11/2022,1,6,59,2667,113,93
8/12/2022,1,6,77,2929,114,94
8/13/2022,1,6,89,3171,111,91
8/14/2022,1,6,54,2500,117,91
8/15/2022,1,6,70,2913,103,95
8/16/2022,1,6,66,3014,105,96
8/17/2022,1,6,66,2751,118,94
8/18/2022,1,6,66,2739,114,92
8/19/2022,1,6,78,3213,117,91
8/20/2022,1,6,79,2601,105,94
8/21/2022,1,6,51,3251,104,96
8/22/2022,1,6,63,3474,123,92
8/23/2022,1,6,73,2652,107,94
8/24/2022,1,6,83,3247,105,93
8/25/2022,1,6,61,3267,114,91
8/26/2022,1,6,75,3035,125,95
8/27/2022,1,6,76,2651,102,93
8/28/2022,1,6,55,2936,103,97
8/29/2022,1,6,61,3387,123,93
8/30/2022,1,6,54,2741,103,91
8/31/2022,1,6,69,2942,123,91
9/1/2022,1,6,58,2664,125,94
9/2/2022,1,6,68,3491,114,96
9/3/2022,1,6,68,3140,108,94
9/4/2022,1,6,63,3350,115,93
9/5/2022,1,6,51,2702,121,91
9/6/2022,1,6,54,3136,124,93
9/7/2022,1,6,48,2834,101,92
9/8/2022,1,6,61,2983,101,92
9/9/2022,1,6,68,2864,105,93
9/10/2022,1,6,73,3163,120,97
9/11/2022,1,6,40,3175,123,96
9/12/2022,1,6,66,2753,112,94
9/13/2022,1,6,55,3482,119,92
9/14/2022,1,6,57,2662,119,93
9/15/2022,1,6,57,3014,112,97
9/16/2022,1,6,68,2956,119,96
9/17/2022,1,6,71,3469,107,94
9/18/2022,1,6,56,3085,122,93
9/19/2022,1,6,56,3342,124,92
9/20/2022,1,6,59,3084,101,95
9/21/2022,1,6,65,3245,114,96
9/22/2022,1,6,75,3469,112,94
9/23/2022,1,6,66,2747,117,94
9/24/2022,1,6,71,2950,103,96
9/25/2022,1,6,57,3208,123,97
9/26/2022,1,6,61,2572,122,93
9/27/2022,1,6,62,3375,106,93
9/28/2022,1,6,57,2728,105,94
9/29/2022,1,6,63,2569,118,96
9/30/2022,1,6,64,3049,107,96
10/1/2022,1,6,70,2674,105,95
10/2/2022,1,6,40,2729,101,95
10/3/2022,1,6,58,3463,105,92
10/4/2022,1,6,61,3306,111,95
10/5/2022,1,6,52,3437,109,91
10/6/2022,1,6,51,2590,105,95
10/7/2022,1,6,72,3334,106,95
10/8/2022,1,6,73,3335,108,95
10/9/2022,1,6,46,2711,108,93
10/10/2022,1,6,45,2796,120,95
10/11/2022,1,6,62,3195,111,93
10/12/2022,1,6,47,3195,109,94
10/13/2022,1,6,53,2995,104,96
10/14/2022,1,6,56,3313,125,93
10/15/2022,1,6,84,3297,121,93
10/16/2022,1,6,47,2784,103,91
10/17/2022,1,6,57,3263,117,96
10/18/2022,1,6,52,2906,104,96
10/19/2022,1,6,43,2596,115,95
10/20/2022,1,6,56,2777,104,96
10/21/2022,1,6,53,3430,105,93
10/22/2022,1,6,77,2857,114,96
10/23/2022,1,6,51,3048,123,95
10/24/2022,1,6,48,2828,101,93
10/25/2022,1,6,46,2634,109,91
10/26/2022,1,6,48,3247,110,96
10/27/2022,1,6,55,3312,113,97
10/28/2022,1,6,65,2761,111,91
10/29/2022,1,6,82,3425,106,95
10/30/2022,1,6,50,2751,105,91
10/31/2022,1,6,73,2579,115,92
11/1/2022,1,6,63,2509,101,91
11/2/2022,1,6,56,3234,121,94
11/3/2022,1,6,64,2576,104,92
11/4/2022,1,6,71,3099,105,92
11/5/2022,1,6,66,3337,120,95
11/6/2022,1,6,75,2597,121,93
11/7/2022,1,6,70,2752,122,95
11/8/2022,1,6,63,2739,120,91
11/9/2022,1,6,62,3269,120,96
11/10/2022,1,6,66,3124,109,93
11/11/2022,1,6,66,2686,114,95
11/12/2022,1,6,88,2572,109,95
11/13/2022,1,6,49,2954,108,91
11/14/2022,1,6,73,2959,122,96
11/15/2022,1,6,57,2518,119,92
11/16/2022,1,6,64,2550,125,92
11/17/2022,1,6,64,2928,113,91
11/18/2022,1,6,67,3364,109,94
11/19/2022,1,6,63,2719,112,96
11/20/2022,1,6,52,2618,117,96
11/21/2022,1,6,58,2805,102,91
11/22/2022,1,6,55,2931,106,97
11/23/2022,1,6,58,2918,109,97
11/24/2022,1,6,66,2921,119,96
11/25/2022,1,6,72,3047,125,94
11/26/2022,1,6,73,3328,105,96
11/27/2022,1,6,50,2908,119,91
11/28/2022,1,6,60,2901,120,95
11/29/2022,1,6,67,2931,106,97
11/30/2022,1,6,63,2734,113,95
12/1/2022,1,6,56,3484,108,97
12/2/2022,1,6,48,3119,123,94
12/3/2022,1,6,62,3128,102,92
12/4/2022,1,6,48,2603,112,91
12/5/2022,1,6,42,2817,101,91
12/6/2022,1,6,31,2579,110,94
12/7/2022,1,6,37,3202,123,97
12/8/2022,1,6,60,2709,106,96
12/9/2022,1,6,57,2962,112,96
12/10/2022,1,6,70,3409,120,97
12/11/2022,1,6,41,3104,121,92
12/12/2022,1,6,52,3334,119,94
12/13/2022,1,6,48,3495,115,97
12/14/2022,1,6,50,2933,121,96
12/15/2022,1,6,50,3008,107,95
12/16/2022,1,6,62,2657,124,91
12/17/2022,1,6,47,2761,116,91
12/18/2022,1,6,31,3280,120,91
12/19/2022,1,6,39,2900,120,97
12/20/2022,1,6,43,2784,119,94
12/21/2022,1,6,53,3423,108,94
12/22/2022,1,6,50,3020,117,97
12/23/2022,1,6,48,2641,122,91
12/24/2022,1,6,50,3431,119,97
12/25/2022,1,6,27,2578,108,97
12/26/2022,1,6,36,3294,106,92
12/27/2022,1,6,32,3017,109,92
12/28/2022,1,6,51,3330,125,92
12/29/2022,1,6,55,2853,112,97
12/30/2022,1,6,55,3118,110,92
12/31/2022,1,6,53,3419,105,97
1/1/2018,2,6,34,3301,105,93
1/2/2018,2,6,40,3454,107,95
1/3/2018,2,6,41,2831,121,94
1/4/2018,2,6,41,2521,123,95
1/5/2018,2,6,47,3295,106,91
1/6/2018,2,6,42,2769,113,92
1/7/2018,2,6,28,2735,103,96
1/8/2018,2,6,41,3024,120,95
1/9/2018,2,6,41,3129,110,91
1/10/2018,2,6,42,2516,105,96
1/11/2018,2,6,50,3434,116,96
1/12/2018,2,6,50,3362,102,93
1/13/2018,2,6,51,3484,115,93
1/14/2018,2,6,36,2501,116,97
1/15/2018,2,6,47,3227,124,95
1/16/2018,2,6,34,3249,116,94
1/17/2018,2,6,27,2694,108,95
1/18/2018,2,6,52,2826,120,93
1/19/2018,2,6,46,2984,111,91
1/20/2018,2,6,48,2765,125,91
1/21/2018,2,6,25,2756,117,96
1/22/2018,2,6,45,2661,117,96
1/23/2018,2,6,35,3160,114,97
1/24/2018,2,6,34,2849,105,94
1/25/2018,2,6,58,3193,108,96
1/26/2018,2,6,41,3281,125,97
1/27/2018,2,6,60,2532,106,94
1/28/2018,2,6,24,2525,115,94
1/29/2018,2,6,42,3298,120,95
1/30/2018,2,6,54,2724,119,96
1/31/2018,2,6,37,2612,107,95
2/1/2018,2,6,65,3168,111,94
2/2/2018,2,6,56,2672,124,92
2/3/2018,2,6,59,3048,122,95
2/4/2018,2,6,31,2836,119,94
2/5/2018,2,6,43,3092,109,96
2/6/2018,2,6,39,3298,104,93
2/7/2018,2,6,48,2682,113,92
2/8/2018,2,6,49,3062,101,97
2/9/2018,2,6,36,3110,117,91
2/10/2018,2,6,59,2715,123,92
2/11/2018,2,6,33,2993,111,96
2/12/2018,2,6,51,3181,108,95
2/13/2018,2,6,40,3432,101,94
2/14/2018,2,6,47,2653,101,91
2/15/2018,2,6,62,3008,115,93
2/16/2018,2,6,67,2954,114,97
2/17/2018,2,6,44,3270,122,93
2/18/2018,2,6,43,2691,111,95
2/19/2018,2,6,54,2565,117,95
2/20/2018,2,6,47,3201,112,91
2/21/2018,2,6,49,2884,103,91
2/22/2018,2,6,49,2877,121,92
2/23/2018,2,6,66,3129,105,94
2/24/2018,2,6,48,2969,110,95
2/25/2018,2,6,45,3066,115,95
2/26/2018,2,6,44,2903,112,94
2/27/2018,2,6,48,3335,111,91
2/28/2018,2,6,49,2943,104,91
3/1/2018,2,6,62,3230,101,93
3/2/2018,2,6,63,3009,118,91
3/3/2018,2,6,53,2811,119,91
3/4/2018,2,6,40,3426,111,97
3/5/2018,2,6,51,2649,107,97
3/6/2018,2,6,56,3307,121,95
3/7/2018,2,6,65,2761,108,94
3/8/2018,2,6,67,3225,120,95
3/9/2018,2,6,69,3184,103,93
3/10/2018,2,6,66,2608,114,91
3/11/2018,2,6,37,2909,124,92
3/12/2018,2,6,57,3338,106,96
3/13/2018,2,6,52,2702,101,91
3/14/2018,2,6,57,3083,116,91
3/15/2018,2,6,50,2780,107,93
3/16/2018,2,6,60,3078,116,96
3/17/2018,2,6,61,3303,125,92
3/18/2018,2,6,47,2903,117,95
3/19/2018,2,6,47,2517,121,92
3/20/2018,2,6,52,3203,121,97
3/21/2018,2,6,67,3424,113,96
3/22/2018,2,6,68,2861,110,97
3/23/2018,2,6,63,3313,107,94
3/24/2018,2,6,60,2563,116,96
3/25/2018,2,6,47,3048,121,97
3/26/2018,2,6,63,3071,102,96
3/27/2018,2,6,46,3155,102,92
3/28/2018,2,6,59,2891,116,94
3/29/2018,2,6,58,3500,116,91
3/30/2018,2,6,50,3101,115,93
3/31/2018,2,6,81,3327,109,97
4/1/2018,2,6,51,3421,125,95
4/2/2018,2,6,46,3027,120,94
4/3/2018,2,6,65,2980,124,94
4/4/2018,2,6,62,2604,122,92
4/5/2018,2,6,67,2654,101,94
4/6/2018,2,6,77,3209,112,97
4/7/2018,2,6,71,3254,117,93
4/8/2018,2,6,56,2535,109,94
4/9/2018,2,6,65,2926,101,93
4/10/2018,2,6,55,3206,112,94
4/11/2018,2,6,66,2788,105,94
4/12/2018,2,6,65,2697,117,94
4/13/2018,2,6,77,3221,123,97
4/14/2018,2,6,83,2729,121,97
4/15/2018,2,6,57,3185,103,95
4/16/2018,2,6,59,3423,119,93
4/17/2018,2,6,57,2934,109,94
4/18/2018,2,6,60,2745,118,93
4/19/2018,2,6,63,2796,109,94
4/20/2018,2,6,61,2557,115,91
4/21/2018,2,6,88,2876,105,92
4/22/2018,2,6,55,3087,108,91
4/23/2018,2,6,63,3021,105,97
4/24/2018,2,6,69,2548,106,94
4/25/2018,2,6,68,3142,122,96
4/26/2018,2,6,82,3357,124,92
4/27/2018,2,6,86,3171,108,91
4/28/2018,2,6,78,2826,111,93
4/29/2018,2,6,46,3435,107,96
4/30/2018,2,6,59,3198,115,91
5/1/2018,2,6,75,2516,116,93
5/2/2018,2,6,84,2588,112,91
5/3/2018,2,6,66,2958,103,95
5/4/2018,2,6,95,2568,117,95
5/5/2018,2,6,84,2566,113,97
5/6/2018,2,6,57,2790,109,97
5/7/2018,2,6,75,2726,115,95
5/8/2018,2,6,61,3038,110,91
5/9/2018,2,6,69,3493,104,97
5/10/2018,2,6,73,3258,102,97
5/11/2018,2,6,69,3385,120,92
5/12/2018,2,6,78,2571,116,97
5/13/2018,2,6,56,3266,102,94
5/14/2018,2,6,62,3439,111,93
5/15/2018,2,6,59,2993,106,97
5/16/2018,2,6,75,2751,110,93
5/17/2018,2,6,65,3005,117,97
5/18/2018,2,6,94,3004,110,95
5/19/2018,2,6,71,3184,105,94
5/20/2018,2,6,52,2886,111,96
5/21/2018,2,6,75,3040,114,97
5/22/2018,2,6,53,2980,115,93
5/23/2018,2,6,80,3065,109,92
5/24/2018,2,6,87,2576,124,97
5/25/2018,2,6,95,3379,103,91
5/26/2018,2,6,76,3357,118,91
5/27/2018,2,6,53,3070,123,92
5/28/2018,2,6,57,3128,102,97
5/29/2018,2,6,74,2793,108,93
5/30/2018,2,6,94,2841,102,94
5/31/2018,2,6,89,2813,112,91
6/1/2018,2,6,64,3049,102,96
6/2/2018,2,6,87,2534,115,96
6/3/2018,2,6,52,2986,103,96
6/4/2018,2,6,49,2511,103,96
6/5/2018,2,6,72,3407,111,93
6/6/2018,2,6,86,3496,121,94
6/7/2018,2,6,84,3400,105,91
6/8/2018,2,6,110,3310,124,95
6/9/2018,2,6,84,3231,109,96
6/10/2018,2,6,61,2672,107,97
6/11/2018,2,6,76,3015,114,94
6/12/2018,2,6,76,2944,101,94
6/13/2018,2,6,68,3390,102,95
6/14/2018,2,6,101,2900,101,93
6/15/2018,2,6,101,2715,123,95
6/16/2018,2,6,82,3156,104,95
6/17/2018,2,6,63,2702,121,95
6/18/2018,2,6,75,3278,104,97
6/19/2018,2,6,72,3213,120,96
6/20/2018,2,6,81,3097,116,94
6/21/2018,2,6,64,3463,116,94
6/22/2018,2,6,86,2689,114,96
6/23/2018,2,6,87,3142,113,95
6/24/2018,2,6,48,2789,123,96
6/25/2018,2,6,58,2985,101,95
6/26/2018,2,6,70,3417,117,95
6/27/2018,2,6,69,3445,117,93
6/28/2018,2,6,85,3058,122,91
6/29/2018,2,6,84,2576,116,95
6/30/2018,2,6,95,2568,113,92
7/1/2018,2,6,68,2814,122,97
7/2/2018,2,6,66,2754,105,93
7/3/2018,2,6,68,3174,108,95
7/4/2018,2,6,72,3375,107,95
7/5/2018,2,6,74,3118,119,97
7/6/2018,2,6,82,3291,111,97
7/7/2018,2,6,96,3055,123,93
7/8/2018,2,6,61,3432,118,93
7/9/2018,2,6,72,2585,109,94
7/10/2018,2,6,76,2592,107,93
7/11/2018,2,6,81,3258,108,94
7/12/2018,2,6,83,3168,124,93
7/13/2018,2,6,104,3283,121,96
7/14/2018,2,6,81,3430,121,93
7/15/2018,2,6,65,3180,112,92
7/16/2018,2,6,74,3248,107,92
7/17/2018,2,6,78,3224,109,95
7/18/2018,2,6,75,3377,103,97
7/19/2018,2,6,80,3412,123,96
7/20/2018,2,6,88,3058,104,93
7/21/2018,2,6,90,2987,108,96
7/22/2018,2,6,64,2657,111,97
7/23/2018,2,6,63,3499,103,91
7/24/2018,2,6,61,3188,123,91
7/25/2018,2,6,81,3067,113,94
7/26/2018,2,6,74,3415,106,93
7/27/2018,2,6,106,2536,101,94
7/28/2018,2,6,86,3463,121,91
7/29/2018,2,6,72,2883,117,95
7/30/2018,2,6,62,2603,114,93
7/31/2018,2,6,80,3395,113,92
8/1/2018,2,6,61,3454,111,95
8/2/2018,2,6,83,2898,109,96
8/3/2018,2,6,81,3176,118,93
8/4/2018,2,6,83,3391,103,91
8/5/2018,2,6,57,2903,114,93
8/6/2018,2,6,77,2917,103,91
8/7/2018,2,6,55,2873,105,96
8/8/2018,2,6,80,2716,118,94
8/9/2018,2,6,66,2583,110,97
8/10/2018,2,6,84,3240,102,93
8/11/2018,2,6,77,2717,122,94
8/12/2018,2,6,54,2537,107,97
8/13/2018,2,6,64,2860,112,94
8/14/2018,2,6,61,3013,114,94
8/15/2018,2,6,80,3339,123,97
8/16/2018,2,6,79,3428,118,95
8/17/2018,2,6,86,3314,105,93
8/18/2018,2,6,83,2766,103,92
8/19/2018,2,6,68,2736,106,96
8/20/2018,2,6,67,2723,103,94
8/21/2018,2,6,68,2738,118,92
8/22/2018,2,6,64,2719,122,92
8/23/2018,2,6,79,2712,102,95
8/24/2018,2,6,64,2838,123,92
8/25/2018,2,6,74,2759,112,96
8/26/2018,2,6,55,3279,113,97
8/27/2018,2,6,57,3491,115,91
8/28/2018,2,6,79,2950,121,96
8/29/2018,2,6,56,2979,123,93
8/30/2018,2,6,70,2658,113,97
8/31/2018,2,6,80,2759,111,94
9/1/2018,2,6,95,3163,113,91
9/2/2018,2,6,47,3237,122,94
9/3/2018,2,6,65,2633,111,94
9/4/2018,2,6,60,3220,101,97
9/5/2018,2,6,75,2805,125,93
9/6/2018,2,6,75,3281,125,96
9/7/2018,2,6,80,3045,113,97
9/8/2018,2,6,88,3180,120,97
9/9/2018,2,6,57,2626,123,92
9/10/2018,2,6,54,2628,121,94
9/11/2018,2,6,49,3205,121,96
9/12/2018,2,6,68,2976,108,96
9/13/2018,2,6,66,3230,125,95
9/14/2018,2,6,74,3078,107,97
9/15/2018,2,6,77,3243,107,91
9/16/2018,2,6,54,3116,102,93
9/17/2018,2,6,65,2504,107,95
9/18/2018,2,6,62,2925,102,97
9/19/2018,2,6,55,2643,121,95
9/20/2018,2,6,62,2880,122,96
9/21/2018,2,6,80,3355,123,92
9/22/2018,2,6,62,3362,107,95
9/23/2018,2,6,40,2882,109,95
9/24/2018,2,6,55,2580,111,96
9/25/2018,2,6,60,3081,121,95
9/26/2018,2,6,54,3452,108,97
9/27/2018,2,6,78,3278,102,94
9/28/2018,2,6,70,3241,112,94
9/29/2018,2,6,90,3064,106,93
9/30/2018,2,6,60,2760,111,91
10/1/2018,2,6,44,3461,124,91
10/2/2018,2,6,57,2997,121,91
10/3/2018,2,6,55,3398,107,95
10/4/2018,2,6,67,3272,116,94
10/5/2018,2,6,66,2954,122,97
10/6/2018,2,6,77,3322,115,96
10/7/2018,2,6,57,2908,102,94
10/8/2018,2,6,72,3170,103,91
10/9/2018,2,6,58,2902,112,91
10/10/2018,2,6,60,3298,109,95
10/11/2018,2,6,65,2951,109,91
10/12/2018,2,6,68,2745,117,95
10/13/2018,2,6,80,3030,110,91
10/14/2018,2,6,47,3340,102,94
10/15/2018,2,6,58,2768,101,93
10/16/2018,2,6,64,3404,121,96
10/17/2018,2,6,50,2610,116,94
10/18/2018,2,6,63,3325,116,91
10/19/2018,2,6,64,2986,101,93
10/20/2018,2,6,80,2577,111,93
10/21/2018,2,6,50,2543,113,91
10/22/2018,2,6,62,2903,109,97
10/23/2018,2,6,79,3286,104,94
10/24/2018,2,6,59,3373,104,93
10/25/2018,2,6,69,3417,108,96
10/26/2018,2,6,77,2639,103,94
10/27/2018,2,6,72,3311,101,95
10/28/2018,2,6,58,3138,102,95
10/29/2018,2,6,69,2997,103,97
10/30/2018,2,6,66,3278,103,95
10/31/2018,2,6,62,2925,115,91
11/1/2018,2,6,71,2825,120,97
11/2/2018,2,6,67,3314,115,94
11/3/2018,2,6,78,3334,125,97
11/4/2018,2,6,62,3141,114,92
11/5/2018,2,6,59,3280,125,96
11/6/2018,2,6,47,3157,108,97
11/7/2018,2,6,71,3388,104,96
11/8/2018,2,6,67,3233,120,92
11/9/2018,2,6,70,2708,121,91
11/10/2018,2,6,94,3436,119,91
11/11/2018,2,6,46,3329,101,93
11/12/2018,2,6,56,2852,124,97
11/13/2018,2,6,63,3201,112,94
11/14/2018,2,6,76,3144,123,96
11/15/2018,2,6,73,2841,102,94
11/16/2018,2,6,85,2782,109,93
11/17/2018,2,6,80,2979,105,91
11/18/2018,2,6,49,2708,113,96
11/19/2018,2,6,74,2748,119,94
11/20/2018,2,6,63,2517,119,93
11/21/2018,2,6,87,2589,119,96
11/22/2018,2,6,75,3074,110,92
11/23/2018,2,6,71,3112,105,95
11/24/2018,2,6,79,2776,107,97
11/25/2018,2,6,47,3383,109,93
11/26/2018,2,6,78,3265,108,95
11/27/2018,2,6,49,3069,120,93
11/28/2018,2,6,55,3039,109,91
11/29/2018,2,6,80,3113,107,91
11/30/2018,2,6,70,3213,123,93
12/1/2018,2,6,62,2865,120,91
12/2/2018,2,6,42,3436,107,97
12/3/2018,2,6,39,3100,120,94
12/4/2018,2,6,48,2853,106,95
12/5/2018,2,6,42,3077,109,92
12/6/2018,2,6,53,2783,110,95
12/7/2018,2,6,60,2528,106,91
12/8/2018,2,6,53,2718,107,96
12/9/2018,2,6,40,2936,106,94
12/10/2018,2,6,40,2977,108,95
12/11/2018,2,6,42,2514,102,94
12/12/2018,2,6,47,3225,109,93
12/13/2018,2,6,41,3372,123,94
12/14/2018,2,6,49,2893,109,97
12/15/2018,2,6,54,2596,105,92
12/16/2018,2,6,54,2720,104,94
12/17/2018,2,6,33,2579,106,94
12/18/2018,2,6,48,2628,105,97
12/19/2018,2,6,43,3273,110,91
12/20/2018,2,6,59,2657,122,93
12/21/2018,2,6,45,2580,104,97
12/22/2018,2,6,52,2889,120,96
12/23/2018,2,6,37,2903,108,95
12/24/2018,2,6,48,3149,121,96
12/25/2018,2,6,54,2719,116,97
12/26/2018,2,6,58,3064,116,91
12/27/2018,2,6,51,2752,115,93
12/28/2018,2,6,49,2575,106,92
12/29/2018,2,6,59,2883,114,91
12/30/2018,2,6,36,3435,125,91
12/31/2018,2,6,44,2698,125,93
1/1/2019,2,6,44,2908,102,94
1/2/2019,2,6,43,2530,114,91
1/3/2019,2,6,53,3298,119,91
1/4/2019,2,6,78,3492,106,96
1/5/2019,2,6,52,2961,114,95
1/6/2019,2,6,30,2936,122,92
1/7/2019,2,6,42,2525,104,95
1/8/2019,2,6,56,3211,122,96
1/9/2019,2,6,43,3303,124,97
1/10/2019,2,6,50,3287,101,94
1/11/2019,2,6,56,3225,108,91
1/12/2019,2,6,47,2750,106,91
1/13/2019,2,6,40,3209,107,96
1/14/2019,2,6,35,3149,120,94
1/15/2019,2,6,45,3486,113,91
1/16/2019,2,6,57,3371,101,92
1/17/2019,2,6,59,2545,109,97
1/18/2019,2,6,59,2778,124,93
1/19/2019,2,6,62,3178,119,96
1/20/2019,2,6,49,2858,114,91
1/21/2019,2,6,39,3052,101,97
1/22/2019,2,6,39,2927,122,93
1/23/2019,2,6,44,2815,125,96
1/24/2019,2,6,52,2522,120,91
1/25/2019,2,6,72,2869,117,92
1/26/2019,2,6,72,2618,107,95
1/27/2019,2,6,28,3182,109,93
1/28/2019,2,6,46,2671,107,94
1/29/2019,2,6,47,2583,108,93
1/30/2019,2,6,51,2601,117,93
1/31/2019,2,6,51,3159,124,96
2/1/2019,2,6,49,2840,124,93
2/2/2019,2,6,62,2568,106,94
2/3/2019,2,6,36,2871,111,93
2/4/2019,2,6,57,2709,121,96
2/5/2019,2,6,55,3439,122,91
2/6/2019,2,6,49,2697,104,97
2/7/2019,2,6,60,2540,121,93
2/8/2019,2,6,58,3189,101,96
2/9/2019,2,6,67,3359,118,91
2/10/2019,2,6,36,3331,113,92
2/11/2019,2,6,51,3468,118,92
2/12/2019,2,6,49,3256,115,95
2/13/2019,2,6,48,3249,109,97
2/14/2019,2,6,50,3196,121,91
2/15/2019,2,6,57,3077,102,92
2/16/2019,2,6,51,3019,114,93
2/17/2019,2,6,40,3149,109,95
2/18/2019,2,6,47,3315,108,93
2/19/2019,2,6,56,3361,118,96
2/20/2019,2,6,65,2784,101,91
2/21/2019,2,6,51,3033,116,97
2/22/2019,2,6,49,3123,118,94
2/23/2019,2,6,68,2986,122,94
2/24/2019,2,6,38,3346,124,95
2/25/2019,2,6,38,3286,104,97
2/26/2019,2,6,43,3196,120,97
2/27/2019,2,6,50,3271,102,93
2/28/2019,2,6,51,3380,123,93
3/1/2019,2,6,85,2835,104,94
3/2/2019,2,6,94,3337,120,97
3/3/2019,2,6,67,2786,109,96
3/4/2019,2,6,53,2986,103,97
3/5/2019,2,6,59,3499,106,92
3/6/2019,2,6,63,2512,105,94
3/7/2019,2,6,84,2637,120,93
3/8/2019,2,6,73,2868,117,94
3/9/2019,2,6,91,3297,119,96
3/10/2019,2,6,55,2822,122,96
3/11/2019,2,6,60,3013,112,95
3/12/2019,2,6,61,2571,117,91
3/13/2019,2,6,58,3059,125,91
3/14/2019,2,6,68,3305,121,97
3/15/2019,2,6,68,3406,120,91
3/16/2019,2,6,79,2856,117,95
3/17/2019,2,6,62,2917,112,96
3/18/2019,2,6,54,2733,115,92
3/19/2019,2,6,50,3059,101,94
3/20/2019,2,6,56,3119,120,96
3/21/2019,2,6,64,3039,110,97
3/22/2019,2,6,83,2921,118,92
3/23/2019,2,6,86,2976,121,97
3/24/2019,2,6,59,3091,105,97
3/25/2019,2,6,59,2596,117,95
3/26/2019,2,6,53,2778,118,93
3/27/2019,2,6,70,2683,125,93
3/28/2019,2,6,73,2546,125,91
3/29/2019,2,6,68,3115,106,96
3/30/2019,2,6,85,2960,118,93
3/31/2019,2,6,34,3025,117,93
4/1/2019,2,6,70,2859,123,91
4/2/2019,2,6,75,2700,106,97
4/3/2019,2,6,63,2753,103,96
4/4/2019,2,6,80,3496,123,95
4/5/2019,2,6,87,3476,110,97
4/6/2019,2,6,98,3192,122,95
4/7/2019,2,6,58,2807,101,97
4/8/2019,2,6,64,2891,110,97
4/9/2019,2,6,69,2994,119,94
4/10/2019,2,6,90,2514,125,93
4/11/2019,2,6,84,2567,103,93
4/12/2019,2,6,89,2596,108,91
4/13/2019,2,6,87,3164,115,93
4/14/2019,2,6,48,3375,116,91
4/15/2019,2,6,75,3455,117,97
4/16/2019,2,6,83,2651,121,96
4/17/2019,2,6,89,3237,114,96
4/18/2019,2,6,79,3484,103,95
4/19/2019,2,6,85,2864,118,91
4/20/2019,2,6,96,3445,113,92
4/21/2019,2,6,54,2986,112,91
4/22/2019,2,6,66,2523,117,91
4/23/2019,2,6,58,3389,101,93
4/24/2019,2,6,77,2831,106,91
4/25/2019,2,6,73,3222,110,92
4/26/2019,2,6,93,3197,101,92
4/27/2019,2,6,112,3310,103,92
4/28/2019,2,6,74,3258,107,94
4/29/2019,2,6,53,2762,118,97
4/30/2019,2,6,62,3009,104,96
5/1/2019,2,6,73,3400,104,93
5/2/2019,2,6,92,2943,109,94
5/3/2019,2,6,86,3377,117,95
5/4/2019,2,6,99,3038,120,91
5/5/2019,2,6,70,3247,115,96
5/6/2019,2,6,65,2741,106,93
5/7/2019,2,6,79,2623,122,92
5/8/2019,2,6,83,3086,124,92
5/9/2019,2,6,78,3324,116,91
5/10/2019,2,6,81,3494,122,96
5/11/2019,2,6,73,3462,109,93
5/12/2019,2,6,70,3226,122,95
5/13/2019,2,6,59,2834,113,92
5/14/2019,2,6,70,2912,116,94
5/15/2019,2,6,77,2794,101,97
5/16/2019,2,6,66,2956,107,94
5/17/2019,2,6,90,3156,104,93
5/18/2019,2,6,90,3401,123,96
5/19/2019,2,6,57,3289,103,94
5/20/2019,2,6,75,2732,111,92
5/21/2019,2,6,79,2532,114,97
5/22/2019,2,6,57,3064,113,96
5/23/2019,2,6,78,2957,121,92
5/24/2019,2,6,96,2781,105,94
5/25/2019,2,6,78,2649,113,97
5/26/2019,2,6,55,2896,115,96
5/27/2019,2,6,66,2950,110,93
5/28/2019,2,6,83,2567,107,95
5/29/2019,2,6,91,2672,105,94
5/30/2019,2,6,83,2736,101,93
5/31/2019,2,6,87,2748,113,91
6/1/2019,2,6,94,2934,101,96
6/2/2019,2,6,62,3309,112,91
6/3/2019,2,6,85,2565,122,92
6/4/2019,2,6,63,3039,106,96
6/5/2019,2,6,92,3424,104,92
6/6/2019,2,6,112,3399,106,92
6/7/2019,2,6,111,2684,104,91
6/8/2019,2,6,105,2592,125,97
6/9/2019,2,6,64,3138,102,94
6/10/2019,2,6,91,3010,101,97
6/11/2019,2,6,85,2502,124,97
6/12/2019,2,6,102,2737,121,96
6/13/2019,2,6,66,3306,113,94
6/14/2019,2,6,92,2737,101,92
6/15/2019,2,6,104,3474,120,95
6/16/2019,2,6,67,3362,105,96
6/17/2019,2,6,84,2692,116,93
6/18/2019,2,6,87,3123,104,97
6/19/2019,2,6,91,3406,124,96
6/20/2019,2,6,96,3229,122,91
6/21/2019,2,6,96,2611,105,96
6/22/2019,2,6,102,2668,123,95
6/23/2019,2,6,57,3091,124,94
6/24/2019,2,6,82,2996,103,92
6/25/2019,2,6,81,2710,111,91
6/26/2019,2,6,81,2741,123,91
6/27/2019,2,6,79,3034,112,91
6/28/2019,2,6,107,2923,125,97
6/29/2019,2,6,108,3177,101,95
6/30/2019,2,6,68,3384,117,95
7/1/2019,2,6,104,3004,101,95
7/2/2019,2,6,83,2861,101,97
7/3/2019,2,6,91,2926,120,95
7/4/2019,2,6,92,2736,109,95
7/5/2019,2,6,100,3227,123,92
7/6/2019,2,6,108,2991,121,91
7/7/2019,2,6,71,3488,103,94
7/8/2019,2,6,87,3476,120,94
7/9/2019,2,6,78,2520,117,94
7/10/2019,2,6,104,2659,116,92
7/11/2019,2,6,103,2747,105,96
7/12/2019,2,6,107,3493,115,94
7/13/2019,2,6,109,3473,116,91
7/14/2019,2,6,69,3040,124,91
7/15/2019,2,6,105,3337,121,94
7/16/2019,2,6,93,3428,116,91
7/17/2019,2,6,92,3393,124,93
7/18/2019,2,6,88,2914,103,95
7/19/2019,2,6,107,2776,112,91
7/20/2019,2,6,110,2867,112,94
7/21/2019,2,6,60,3460,124,94
7/22/2019,2,6,72,2606,110,97
7/23/2019,2,6,88,3078,122,92
7/24/2019,2,6,87,3230,109,95
7/25/2019,2,6,99,2992,118,96
7/26/2019,2,6,109,3320,122,92
7/27/2019,2,6,126,2659,123,92
7/28/2019,2,6,75,3370,112,95
7/29/2019,2,6,78,3362,125,91
7/30/2019,2,6,92,3407,118,91
7/31/2019,2,6,94,3417,119,95
8/1/2019,2,6,83,2958,110,95
8/2/2019,2,6,102,2560,117,96
8/3/2019,2,6,109,2980,125,94
8/4/2019,2,6,60,2895,101,93
8/5/2019,2,6,62,3332,113,91
8/6/2019,2,6,80,2677,114,94
8/7/2019,2,6,78,3431,102,94
8/8/2019,2,6,77,2669,112,95
8/9/2019,2,6,92,2524,105,97
8/10/2019,2,6,91,3105,118,93
8/11/2019,2,6,60,2574,121,94
8/12/2019,2,6,69,3098,107,96
8/13/2019,2,6,68,2809,109,96
8/14/2019,2,6,76,2582,114,97
8/15/2019,2,6,82,2780,125,93
8/16/2019,2,6,86,3269,111,93
8/17/2019,2,6,106,3022,106,97
8/18/2019,2,6,62,3412,109,97
8/19/2019,2,6,88,2663,101,95
8/20/2019,2,6,89,3371,105,92
8/21/2019,2,6,67,2536,107,95
8/22/2019,2,6,76,3285,118,91
8/23/2019,2,6,89,3160,125,93
8/24/2019,2,6,100,2876,111,92
8/25/2019,2,6,78,3412,111,93
8/26/2019,2,6,77,2724,107,96
8/27/2019,2,6,61,2917,124,94
8/28/2019,2,6,79,2671,115,94
8/29/2019,2,6,92,3265,111,91
8/30/2019,2,6,91,3147,103,93
8/31/2019,2,6,104,2761,102,92
9/1/2019,2,6,56,3245,120,96
9/2/2019,2,6,59,2560,114,97
9/3/2019,2,6,75,2899,114,93
9/4/2019,2,6,76,3152,110,97
9/5/2019,2,6,87,3033,125,92
9/6/2019,2,6,84,2667,114,94
9/7/2019,2,6,95,3496,120,92
9/8/2019,2,6,56,3387,119,92
9/9/2019,2,6,88,2833,122,96
9/10/2019,2,6,71,3280,101,95
9/11/2019,2,6,74,2782,111,95
9/12/2019,2,6,82,2992,125,91
9/13/2019,2,6,82,2690,119,94
9/14/2019,2,6,81,3013,104,92
9/15/2019,2,6,63,3213,104,96
9/16/2019,2,6,62,3264,108,92
9/17/2019,2,6,80,2594,101,94
9/18/2019,2,6,62,2634,122,96
9/19/2019,2,6,109,3152,107,96
9/20/2019,2,6,89,2595,113,97
9/21/2019,2,6,88,2560,108,94
9/22/2019,2,6,56,2653,119,91
9/23/2019,2,6,72,3174,122,93
9/24/2019,2,6,55,3296,113,97
9/25/2019,2,6,74,3062,107,97
9/26/2019,2,6,60,3230,105,91
9/27/2019,2,6,76,2572,105,92
9/28/2019,2,6,86,2877,109,94
9/29/2019,2,6,66,2777,112,95
9/30/2019,2,6,70,3096,106,95
10/1/2019,2,6,66,2582,104,92
10/2/2019,2,6,63,2911,102,97
10/3/2019,2,6,78,2910,125,91
10/4/2019,2,6,76,3269,101,92
10/5/2019,2,6,75,3414,111,96
10/6/2019,2,6,52,2934,110,96
10/7/2019,2,6,72,2507,120,93
10/8/2019,2,6,56,3309,107,94
10/9/2019,2,6,69,2548,111,93
10/10/2019,2,6,76,3062,124,92
10/11/2019,2,6,69,2534,105,97
10/12/2019,2,6,75,3033,124,94
10/13/2019,2,6,45,2532,125,92
10/14/2019,2,6,55,3398,123,92
10/15/2019,2,6,83,2806,105,91
10/16/2019,2,6,72,2662,105,96
10/17/2019,2,6,67,3209,105,93
10/18/2019,2,6,85,2998,109,95
10/19/2019,2,6,86,3432,112,97
10/20/2019,2,6,60,3451,103,96
10/21/2019,2,6,64,3256,119,91
10/22/2019,2,6,65,3449,124,97
10/23/2019,2,6,61,3337,122,95
10/24/2019,2,6,78,3049,104,93
10/25/2019,2,6,79,2615,111,92
10/26/2019,2,6,84,2836,115,95
10/27/2019,2,6,61,2804,110,93
10/28/2019,2,6,73,2714,122,92
10/29/2019,2,6,62,2865,124,97
10/30/2019,2,6,82,3490,109,91
10/31/2019,2,6,84,3388,116,97
11/1/2019,2,6,94,3483,119,91
11/2/2019,2,6,73,2908,105,95
11/3/2019,2,6,80,2754,106,97
11/4/2019,2,6,60,2609,111,96
11/5/2019,2,6,77,3397,123,95
11/6/2019,2,6,84,2897,110,92
11/7/2019,2,6,81,2538,109,94
11/8/2019,2,6,102,2665,119,96
11/9/2019,2,6,98,2846,121,92
11/10/2019,2,6,56,2766,109,94
11/11/2019,2,6,67,3003,124,95
11/12/2019,2,6,77,2665,105,94
11/13/2019,2,6,74,3233,121,97
11/14/2019,2,6,80,3287,115,93
11/15/2019,2,6,82,2968,103,93
11/16/2019,2,6,98,2734,125,93
11/17/2019,2,6,64,3252,121,95
11/18/2019,2,6,80,3326,121,95
11/19/2019,2,6,71,2873,117,92
11/20/2019,2,6,65,2764,103,92
11/21/2019,2,6,59,2629,103,96
11/22/2019,2,6,78,3147,105,97
11/23/2019,2,6,95,2827,108,91
11/24/2019,2,6,60,3191,121,95
11/25/2019,2,6,78,3210,103,92
11/26/2019,2,6,74,3440,104,92
11/27/2019,2,6,61,2833,124,95
11/28/2019,2,6,85,2639,114,94
11/29/2019,2,6,84,2511,109,93
11/30/2019,2,6,96,2623,107,93
12/1/2019,2,6,49,3023,112,94
12/2/2019,2,6,50,2896,116,96
12/3/2019,2,6,51,2871,115,93
12/4/2019,2,6,54,3473,111,96
12/5/2019,2,6,50,3181,107,92
12/6/2019,2,6,71,3314,111,91
12/7/2019,2,6,53,2741,106,94
12/8/2019,2,6,46,3057,105,93
12/9/2019,2,6,52,2751,119,93
12/10/2019,2,6,48,2869,120,91
12/11/2019,2,6,53,2588,115,91
12/12/2019,2,6,49,2712,105,93
12/13/2019,2,6,62,2916,109,92
12/14/2019,2,6,65,3314,111,92
12/15/2019,2,6,45,2615,112,93
12/16/2019,2,6,50,2560,102,96
12/17/2019,2,6,51,2707,121,97
12/18/2019,2,6,57,2778,106,91
12/19/2019,2,6,54,2657,111,95
12/20/2019,2,6,70,3294,112,96
12/21/2019,2,6,57,2947,124,97
12/22/2019,2,6,45,2678,104,95
12/23/2019,2,6,49,2987,103,96
12/24/2019,2,6,45,3152,106,97
12/25/2019,2,6,56,3322,117,91
12/26/2019,2,6,62,3321,107,95
12/27/2019,2,6,56,2507,102,93
12/28/2019,2,6,78,3356,112,96
12/29/2019,2,6,41,3126,102,93
12/30/2019,2,6,49,3124,102,91
12/31/2019,2,6,51,2689,103,96
1/1/2020,2,6,47,2501,113,94
1/2/2020,2,6,55,2969,101,94
1/3/2020,2,6,57,3347,107,94
1/4/2020,2,6,63,2978,113,95
1/5/2020,2,6,42,3105,115,97
1/6/2020,2,6,46,3319,123,91
1/7/2020,2,6,50,3294,115,94
1/8/2020,2,6,51,2775,109,93
1/9/2020,2,6,48,3436,109,97
1/10/2020,2,6,45,3476,115,95
1/11/2020,2,6,58,2622,110,93
1/12/2020,2,6,40,3370,123,93
1/13/2020,2,6,44,3093,102,91
1/14/2020,2,6,54,3208,109,91
1/15/2020,2,6,39,2553,101,97
1/16/2020,2,6,58,3016,110,94
1/17/2020,2,6,62,2723,102,93
1/18/2020,2,6,71,3139,120,97
1/19/2020,2,6,49,3263,108,92
1/20/2020,2,6,41,2915,102,91
1/21/2020,2,6,41,3151,122,94
1/22/2020,2,6,50,2839,104,96
1/23/2020,2,6,53,3447,125,95
1/24/2020,2,6,49,2518,103,91
1/25/2020,2,6,52,3019,114,95
1/26/2020,2,6,43,3245,114,96
1/27/2020,2,6,41,2523,122,94
1/28/2020,2,6,46,3441,125,94
1/29/2020,2,6,41,3034,109,91
1/30/2020,2,6,57,2812,107,96
1/31/2020,2,6,67,2728,123,95
2/1/2020,2,6,59,2984,108,97
2/2/2020,2,6,52,3194,108,97
2/3/2020,2,6,57,2521,102,93
2/4/2020,2,6,53,2931,115,95
2/5/2020,2,6,61,3428,112,96
2/6/2020,2,6,73,2697,101,96
2/7/2020,2,6,64,3211,120,93
2/8/2020,2,6,74,3089,118,94
2/9/2020,2,6,40,2993,104,94
2/10/2020,2,6,59,2715,114,91
2/11/2020,2,6,47,2753,104,91
2/12/2020,2,6,46,2528,109,96
2/13/2020,2,6,63,3117,107,93
2/14/2020,2,6,50,2656,114,91
2/15/2020,2,6,65,2735,118,92
2/16/2020,2,6,40,2720,104,94
2/17/2020,2,6,57,3069,103,94
2/18/2020,2,6,51,2730,110,91
2/19/2020,2,6,49,2723,125,97
2/20/2020,2,6,59,2534,125,93
2/21/2020,2,6,65,3321,115,95
2/22/2020,2,6,78,2868,112,97
2/23/2020,2,6,52,2976,106,93
2/24/2020,2,6,61,3496,112,97
2/25/2020,2,6,57,2937,123,91
2/26/2020,2,6,48,3271,121,96
2/27/2020,2,6,74,2609,104,92
2/28/2020,2,6,43,2625,118,96
3/1/2020,2,6,78,3047,113,97
3/2/2020,2,6,43,2890,125,95
3/3/2020,2,6,69,2824,115,97
3/4/2020,2,6,60,3418,121,94
3/5/2020,2,6,72,2923,110,93
3/6/2020,2,6,78,2967,106,92
3/7/2020,2,6,82,2938,106,95
3/8/2020,2,6,69,3076,103,92
3/9/2020,2,6,54,2957,116,97
3/10/2020,2,6,67,2515,110,93
3/11/2020,2,6,52,2747,114,93
3/12/2020,2,6,65,2595,108,91
3/13/2020,2,6,65,3423,105,92
3/14/2020,2,6,63,3475,112,92
3/15/2020,2,6,89,3071,118,96
3/16/2020,2,6,55,3267,102,92
3/17/2020,2,6,56,2864,119,95
3/18/2020,2,6,65,3113,114,97
3/19/2020,2,6,58,2647,104,93
3/20/2020,2,6,71,3498,111,92
3/21/2020,2,6,64,2597,102,91
3/22/2020,2,6,84,3319,124,97
3/23/2020,2,6,54,2700,117,93
3/24/2020,2,6,70,2877,120,92
3/25/2020,2,6,57,3384,124,93
3/26/2020,2,6,56,2836,101,91
3/27/2020,2,6,82,3350,120,93
3/28/2020,2,6,79,3191,101,96
3/29/2020,2,6,74,3458,124,92
3/30/2020,2,6,51,3070,106,96
3/31/2020,2,6,44,3237,113,95
4/1/2020,2,6,72,3174,118,94
4/2/2020,2,6,78,3403,115,97
4/3/2020,2,6,85,2840,111,94
4/4/2020,2,6,94,2983,114,95
4/5/2020,2,6,95,2800,113,93
4/6/2020,2,6,72,2935,104,95
4/7/2020,2,6,90,2628,120,91
4/8/2020,2,6,79,3001,113,96
4/9/2020,2,6,80,3335,117,94
4/10/2020,2,6,76,2770,120,93
4/11/2020,2,6,109,2564,124,95
4/12/2020,2,6,82,2927,110,97
4/13/2020,2,6,46,2552,117,91
4/14/2020,2,6,82,2725,104,93
4/15/2020,2,6,81,2890,116,92
4/16/2020,2,6,68,2942,116,94
4/17/2020,2,6,82,3243,120,92
4/18/2020,2,6,97,2858,112,97
4/19/2020,2,6,102,3218,113,91
4/20/2020,2,6,65,3267,124,92
4/21/2020,2,6,56,3476,112,97
4/22/2020,2,6,83,3263,119,92
4/23/2020,2,6,85,2836,105,93
4/24/2020,2,6,84,2947,119,95
4/25/2020,2,6,88,2611,102,93
4/26/2020,2,6,98,2777,123,95
4/27/2020,2,6,65,2592,113,91
4/28/2020,2,6,71,2824,117,93
4/29/2020,2,6,64,3048,109,96
4/30/2020,2,6,73,2678,108,95
5/1/2020,2,6,82,3173,123,95
5/2/2020,2,6,93,3316,120,94
5/3/2020,2,6,100,3053,111,97
5/4/2020,2,6,67,3029,107,95
5/5/2020,2,6,61,3452,113,92
5/6/2020,2,6,76,2670,121,97
5/7/2020,2,6,95,3318,115,95
5/8/2020,2,6,93,3194,117,94
5/9/2020,2,6,110,2648,104,91
5/10/2020,2,6,106,3411,109,93
5/11/2020,2,6,67,2585,111,91
5/12/2020,2,6,63,2726,123,91
5/13/2020,2,6,84,3004,102,91
5/14/2020,2,6,76,3044,104,96
5/15/2020,2,6,110,2826,112,94
5/16/2020,2,6,96,3374,115,97
5/17/2020,2,6,108,3330,121,94
5/18/2020,2,6,77,2660,113,96
5/19/2020,2,6,81,2935,124,96
5/20/2020,2,6,97,2502,104,93
5/21/2020,2,6,99,3212,117,91
5/22/2020,2,6,76,2878,118,94
5/23/2020,2,6,94,2674,109,94
5/24/2020,2,6,109,3144,111,91
5/25/2020,2,6,71,3078,121,97
5/26/2020,2,6,73,2918,110,94
5/27/2020,2,6,75,2782,117,95
5/28/2020,2,6,86,2598,122,96
5/29/2020,2,6,91,3360,124,97
5/30/2020,2,6,102,3136,102,92
5/31/2020,2,6,96,2833,120,91
6/1/2020,2,6,74,3118,108,97
6/2/2020,2,6,91,2529,106,91
6/3/2020,2,6,78,2589,117,96
6/4/2020,2,6,117,3439,106,97
6/5/2020,2,6,95,2718,115,91
6/6/2020,2,6,105,2963,114,94
6/7/2020,2,6,98,2802,102,96
6/8/2020,2,6,65,3371,111,93
6/9/2020,2,6,83,2626,124,94
6/10/2020,2,6,77,2602,123,94
6/11/2020,2,6,91,2575,114,95
6/12/2020,2,6,96,2921,101,92
6/13/2020,2,6,97,2616,119,97
6/14/2020,2,6,111,3142,112,97
6/15/2020,2,6,65,3271,121,94
6/16/2020,2,6,72,2713,107,96
6/17/2020,2,6,75,2714,121,93
6/18/2020,2,6,90,3475,107,94
6/19/2020,2,6,94,3187,116,92
6/20/2020,2,6,86,2800,113,91
6/21/2020,2,6,106,3397,111,93
6/22/2020,2,6,71,3398,105,95
6/23/2020,2,6,84,2804,120,92
6/24/2020,2,6,85,2781,119,97
6/25/2020,2,6,97,3466,101,93
6/26/2020,2,6,101,3148,123,97
6/27/2020,2,6,89,2558,125,91
6/28/2020,2,6,113,2616,122,96
6/29/2020,2,6,69,3456,118,91
6/30/2020,2,6,78,2852,105,91
7/1/2020,2,6,87,2602,119,91
7/2/2020,2,6,91,3102,122,92
7/3/2020,2,6,98,2840,115,96
7/4/2020,2,6,103,3364,124,94
7/5/2020,2,6,107,3104,110,94
7/6/2020,2,6,90,3369,117,91
7/7/2020,2,6,88,3178,112,94
7/8/2020,2,6,86,2808,112,97
7/9/2020,2,6,66,2535,107,96
7/10/2020,2,6,100,3277,106,94
7/11/2020,2,6,103,3073,121,97
7/12/2020,2,6,124,2994,110,91
7/13/2020,2,6,88,2741,107,97
7/14/2020,2,6,88,2538,121,91
7/15/2020,2,6,91,3138,114,94
7/16/2020,2,6,84,3401,101,96
7/17/2020,2,6,117,3236,123,97
7/18/2020,2,6,108,2936,109,95
7/19/2020,2,6,104,2901,102,97
7/20/2020,2,6,80,3453,114,96
7/21/2020,2,6,99,3140,123,97
7/22/2020,2,6,96,3368,113,97
7/23/2020,2,6,98,2861,123,96
7/24/2020,2,6,111,2690,112,94
7/25/2020,2,6,112,2747,103,97
7/26/2020,2,6,92,2793,105,95
7/27/2020,2,6,71,2628,118,92
7/28/2020,2,6,77,3217,114,94
7/29/2020,2,6,89,3226,121,97
7/30/2020,2,6,76,3358,116,91
7/31/2020,2,6,97,2886,105,92
8/1/2020,2,6,68,2857,101,97
8/2/2020,2,6,99,3309,101,95
8/3/2020,2,6,82,2959,101,97
8/4/2020,2,6,76,3161,104,95
8/5/2020,2,6,82,3472,106,92
8/6/2020,2,6,80,3233,105,95
8/7/2020,2,6,97,2825,121,97
8/8/2020,2,6,95,3015,112,91
8/9/2020,2,6,107,2573,113,97
8/10/2020,2,6,61,3187,125,94
8/11/2020,2,6,82,2875,111,93
8/12/2020,2,6,80,3206,104,92
8/13/2020,2,6,93,2524,119,94
8/14/2020,2,6,99,3247,105,95
8/15/2020,2,6,106,3130,119,94
8/16/2020,2,6,91,3441,114,96
8/17/2020,2,6,84,3193,120,96
8/18/2020,2,6,74,3450,121,96
8/19/2020,2,6,73,2933,103,95
8/20/2020,2,6,78,3149,101,92
8/21/2020,2,6,103,3333,105,93
8/22/2020,2,6,91,2965,108,95
8/23/2020,2,6,104,3218,120,96
8/24/2020,2,6,62,2823,102,93
8/25/2020,2,6,69,2503,105,97
8/26/2020,2,6,77,2661,108,97
8/27/2020,2,6,77,3280,105,91
8/28/2020,2,6,92,2564,109,92
8/29/2020,2,6,97,2547,101,91
8/30/2020,2,6,107,2912,119,93
8/31/2020,2,6,68,3105,104,93
9/1/2020,2,6,77,2603,104,96
9/2/2020,2,6,67,2713,121,93
9/3/2020,2,6,73,3470,119,96
9/4/2020,2,6,89,3445,114,95
9/5/2020,2,6,97,3340,111,93
9/6/2020,2,6,105,3253,108,94
9/7/2020,2,6,67,3317,112,92
9/8/2020,2,6,62,2608,114,93
9/9/2020,2,6,83,2797,112,94
9/10/2020,2,6,77,2852,111,91
9/11/2020,2,6,77,3383,118,95
9/12/2020,2,6,87,2624,118,91
9/13/2020,2,6,96,2554,109,95
9/14/2020,2,6,61,2738,115,92
9/15/2020,2,6,61,2547,125,96
9/16/2020,2,6,71,3067,115,92
9/17/2020,2,6,72,2927,112,97
9/18/2020,2,6,69,2640,104,94
9/19/2020,2,6,95,2908,116,93
9/20/2020,2,6,86,3285,103,93
9/21/2020,2,6,56,2655,119,94
9/22/2020,2,6,51,2772,102,93
9/23/2020,2,6,72,3262,102,95
9/24/2020,2,6,78,3159,106,91
9/25/2020,2,6,74,2941,112,97
9/26/2020,2,6,80,2524,118,92
9/27/2020,2,6,102,2939,113,92
9/28/2020,2,6,62,2636,122,92
9/29/2020,2,6,61,3284,116,93
9/30/2020,2,6,80,2736,108,93
10/1/2020,2,6,66,3272,102,95
10/2/2020,2,6,87,3221,103,91
10/3/2020,2,6,87,2905,125,95
10/4/2020,2,6,79,3340,122,97
10/5/2020,2,6,62,2567,124,91
10/6/2020,2,6,55,2814,107,97
10/7/2020,2,6,74,3372,125,96
10/8/2020,2,6,80,3191,125,93
10/9/2020,2,6,60,2976,109,96
10/10/2020,2,6,76,2927,110,91
10/11/2020,2,6,98,2732,105,96
10/12/2020,2,6,52,2731,123,95
10/13/2020,2,6,82,3428,101,96
10/14/2020,2,6,59,3018,101,94
10/15/2020,2,6,60,3117,116,94
10/16/2020,2,6,99,2799,104,94
10/17/2020,2,6,75,3313,123,96
10/18/2020,2,6,91,3448,102,95
10/19/2020,2,6,51,2719,117,95
10/20/2020,2,6,71,2822,102,93
10/21/2020,2,6,71,2968,118,97
10/22/2020,2,6,78,2794,114,97
10/23/2020,2,6,75,3481,112,95
10/24/2020,2,6,64,2672,108,97
10/25/2020,2,6,92,3314,112,94
10/26/2020,2,6,61,3048,107,94
10/27/2020,2,6,63,3366,117,94
10/28/2020,2,6,67,2646,119,91
10/29/2020,2,6,59,2574,106,96
10/30/2020,2,6,82,3476,108,93
10/31/2020,2,6,91,3174,121,97
11/1/2020,2,6,99,2630,124,93
11/2/2020,2,6,59,3105,112,97
11/3/2020,2,6,84,2982,107,92
11/4/2020,2,6,73,3435,105,94
11/5/2020,2,6,76,2694,121,91
11/6/2020,2,6,81,3193,115,96
11/7/2020,2,6,91,2973,122,91
11/8/2020,2,6,88,2942,102,92
11/9/2020,2,6,43,3017,109,97
11/10/2020,2,6,67,2679,103,93
11/11/2020,2,6,66,3247,116,92
11/12/2020,2,6,71,2598,108,93
11/13/2020,2,6,83,3436,115,91
11/14/2020,2,6,86,2993,122,93
11/15/2020,2,6,83,2734,103,94
11/16/2020,2,6,73,2920,102,95
11/17/2020,2,6,78,2632,125,94
11/18/2020,2,6,66,3093,117,92
11/19/2020,2,6,77,2972,112,95
11/20/2020,2,6,89,3360,107,93
11/21/2020,2,6,90,2872,106,95
11/22/2020,2,6,72,3456,119,95
11/23/2020,2,6,54,3190,118,95
11/24/2020,2,6,72,2720,102,95
11/25/2020,2,6,81,2801,115,94
11/26/2020,2,6,97,3279,110,91
11/27/2020,2,6,79,3064,103,93
11/28/2020,2,6,79,3077,110,94
11/29/2020,2,6,109,2565,118,96
11/30/2020,2,6,62,2983,113,92
12/1/2020,2,6,56,2927,119,94
12/2/2020,2,6,52,3193,124,91
12/3/2020,2,6,75,3421,118,97
12/4/2020,2,6,57,2502,102,93
12/5/2020,2,6,59,2692,103,93
12/6/2020,2,6,62,2888,119,91
12/7/2020,2,6,45,3088,101,97
12/8/2020,2,6,48,3112,115,95
12/9/2020,2,6,54,3229,125,94
12/10/2020,2,6,54,3096,119,96
12/11/2020,2,6,67,3473,101,96
12/12/2020,2,6,79,2623,103,92
12/13/2020,2,6,65,2647,120,95
12/14/2020,2,6,35,2799,110,92
12/15/2020,2,6,53,3443,115,95
12/16/2020,2,6,62,3232,112,95
12/17/2020,2,6,69,3288,124,94
12/18/2020,2,6,56,2931,101,95
12/19/2020,2,6,58,2714,124,91
12/20/2020,2,6,52,3370,119,96
12/21/2020,2,6,44,3227,109,91
12/22/2020,2,6,52,3338,115,96
12/23/2020,2,6,51,2559,108,93
12/24/2020,2,6,62,2514,111,97
12/25/2020,2,6,54,3221,119,92
12/26/2020,2,6,47,2683,120,94
12/27/2020,2,6,59,2732,125,93
12/28/2020,2,6,37,2597,107,97
12/29/2020,2,6,47,2907,107,92
12/30/2020,2,6,51,3100,108,96
12/31/2020,2,6,41,3400,120,93
1/1/2021,2,6,67,2887,104,91
1/2/2021,2,6,77,2860,105,96
1/3/2021,2,6,60,3126,125,97
1/4/2021,2,6,47,2503,102,95
1/5/2021,2,6,51,3183,115,95
1/6/2021,2,6,45,3480,125,96
1/7/2021,2,6,34,3343,102,92
1/8/2021,2,6,46,3214,112,97
1/9/2021,2,6,59,2577,103,96
1/10/2021,2,6,68,2807,107,92
1/11/2021,2,6,46,3341,113,93
1/12/2021,2,6,53,3327,113,94
1/13/2021,2,6,43,3366,109,92
1/14/2021,2,6,50,3418,101,91
1/15/2021,2,6,48,3290,118,96
1/16/2021,2,6,43,3321,112,95
1/17/2021,2,6,52,2708,103,95
1/18/2021,2,6,34,3076,123,92
1/19/2021,2,6,49,2764,120,94
1/20/2021,2,6,57,3328,112,94
1/21/2021,2,6,57,2552,106,95
1/22/2021,2,6,68,3059,113,94
1/23/2021,2,6,55,2515,124,96
1/24/2021,2,6,52,3279,110,94
1/25/2021,2,6,64,3352,115,91
1/26/2021,2,6,57,3373,115,95
1/27/2021,2,6,52,2513,107,96
1/28/2021,2,6,59,2609,113,94
1/29/2021,2,6,59,3201,119,95
1/30/2021,2,6,56,3486,121,97
1/31/2021,2,6,61,3386,113,95
2/1/2021,2,6,51,3217,115,93
2/2/2021,2,6,61,3329,123,93
2/3/2021,2,6,57,2534,119,94
2/4/2021,2,6,54,3084,119,97
2/5/2021,2,6,62,3063,120,95
2/6/2021,2,6,63,3447,104,93
2/7/2021,2,6,70,3223,103,91
2/8/2021,2,6,47,3185,118,94
2/9/2021,2,6,68,2558,117,93
2/10/2021,2,6,58,3291,122,92
2/11/2021,2,6,74,3324,111,92
2/12/2021,2,6,65,2987,118,96
2/13/2021,2,6,61,2625,107,95
2/14/2021,2,6,67,2737,101,95
2/15/2021,2,6,49,2708,122,92
2/16/2021,2,6,51,3279,120,92
2/17/2021,2,6,56,2803,114,94
2/18/2021,2,6,57,3490,116,92
2/19/2021,2,6,52,3257,115,95
2/20/2021,2,6,71,2549,108,95
2/21/2021,2,6,67,2931,122,97
2/22/2021,2,6,42,3309,116,94
2/23/2021,2,6,64,3242,117,95
2/24/2021,2,6,53,3145,120,92
2/25/2021,2,6,67,2680,120,96
2/26/2021,2,6,66,2535,119,94
2/27/2021,2,6,63,3418,124,96
2/28/2021,2,6,77,3227,116,93
2/29/2021,2,6,43,2564,102,95
3/1/2021,2,6,69,2775,111,97
3/2/2021,2,6,61,3009,109,96
3/3/2021,2,6,73,3256,124,91
3/4/2021,2,6,68,2815,119,96
3/5/2021,2,6,91,2702,111,97
3/6/2021,2,6,82,2983,106,94
3/7/2021,2,6,49,3008,124,91
3/8/2021,2,6,70,2914,104,96
3/9/2021,2,6,71,3480,117,92
3/10/2021,2,6,72,3465,122,97
3/11/2021,2,6,78,3280,104,92
3/12/2021,2,6,84,2985,124,92
3/13/2021,2,6,81,2982,102,93
3/14/2021,2,6,61,2553,124,92
3/15/2021,2,6,65,2708,115,95
3/16/2021,2,6,67,3435,121,91
3/17/2021,2,6,81,3153,108,91
3/18/2021,2,6,76,2813,114,93
3/19/2021,2,6,72,3118,121,97
3/20/2021,2,6,72,3368,116,97
3/21/2021,2,6,63,3185,101,91
3/22/2021,2,6,94,3245,117,94
3/23/2021,2,6,66,2654,112,92
3/24/2021,2,6,75,2553,120,92
3/25/2021,2,6,75,3345,112,94
3/26/2021,2,6,93,3080,105,96
3/27/2021,2,6,99,2755,112,97
3/28/2021,2,6,60,3356,111,96
3/29/2021,2,6,71,3452,122,97
3/30/2021,2,6,68,2766,106,92
3/31/2021,2,6,73,3432,106,95
4/1/2021,2,6,97,3369,121,92
4/2/2021,2,6,76,3439,102,91
4/3/2021,2,6,94,2947,122,91
4/4/2021,2,6,65,2953,113,91
4/5/2021,2,6,82,2579,107,97
4/6/2021,2,6,87,2847,107,94
4/7/2021,2,6,91,3000,118,94
4/8/2021,2,6,81,2803,123,95
4/9/2021,2,6,106,2902,119,94
4/10/2021,2,6,97,2677,122,97
4/11/2021,2,6,57,2687,116,94
4/12/2021,2,6,69,2712,105,94
4/13/2021,2,6,80,3406,121,95
4/14/2021,2,6,84,2970,113,93
4/15/2021,2,6,87,2923,116,96
4/16/2021,2,6,102,2613,112,92
4/17/2021,2,6,96,3491,103,97
4/18/2021,2,6,70,3295,115,95
4/19/2021,2,6,78,3190,119,97
4/20/2021,2,6,71,3243,107,92
4/21/2021,2,6,70,3078,123,91
4/22/2021,2,6,96,3339,124,93
4/23/2021,2,6,95,3464,118,93
4/24/2021,2,6,108,2777,115,97
4/25/2021,2,6,69,2858,118,91
4/26/2021,2,6,74,2905,124,94
4/27/2021,2,6,70,3338,109,91
4/28/2021,2,6,92,2600,109,95
4/29/2021,2,6,91,3081,123,93
4/30/2021,2,6,103,2892,112,93
5/1/2021,2,6,107,2720,110,92
5/2/2021,2,6,70,2681,118,97
5/3/2021,2,6,80,3104,103,91
5/4/2021,2,6,86,3099,120,93
5/5/2021,2,6,108,2928,114,91
5/6/2021,2,6,90,2720,107,97
5/7/2021,2,6,124,3316,113,94
5/8/2021,2,6,118,3258,104,94
5/9/2021,2,6,65,2600,122,97
5/10/2021,2,6,98,3141,101,94
5/11/2021,2,6,86,2672,101,93
5/12/2021,2,6,84,2723,104,95
5/13/2021,2,6,109,3425,124,92
5/14/2021,2,6,105,2518,123,94
5/15/2021,2,6,111,2795,112,95
5/16/2021,2,6,67,2805,107,95
5/17/2021,2,6,106,2995,107,91
5/18/2021,2,6,75,2511,118,94
5/19/2021,2,6,96,2737,101,95
5/20/2021,2,6,94,2704,123,94
5/21/2021,2,6,105,3234,122,96
5/22/2021,2,6,131,2794,120,97
5/23/2021,2,6,67,2713,105,94
5/24/2021,2,6,88,2610,113,96
5/25/2021,2,6,92,2859,107,97
5/26/2021,2,6,93,2745,111,95
5/27/2021,2,6,107,2893,124,95
5/28/2021,2,6,94,2707,123,92
5/29/2021,2,6,105,2681,117,93
5/30/2021,2,6,62,3047,122,91
5/31/2021,2,6,83,2876,123,97
6/1/2021,2,6,85,3383,120,95
6/2/2021,2,6,113,3220,103,93
6/3/2021,2,6,111,3329,115,92
6/4/2021,2,6,118,3051,117,91
6/5/2021,2,6,136,2915,110,94
6/6/2021,2,6,73,2585,101,91
6/7/2021,2,6,104,2814,108,94
6/8/2021,2,6,98,3232,119,91
6/9/2021,2,6,110,2718,111,93
6/10/2021,2,6,103,3359,103,94
6/11/2021,2,6,126,2809,124,93
6/12/2021,2,6,107,2544,103,93
6/13/2021,2,6,75,3432,120,94
6/14/2021,2,6,80,2569,117,93
6/15/2021,2,6,85,2633,108,91
6/16/2021,2,6,110,3188,114,97
6/17/2021,2,6,106,3415,101,95
6/18/2021,2,6,115,2628,115,97
6/19/2021,2,6,113,2763,109,95
6/20/2021,2,6,92,3202,113,91
6/21/2021,2,6,87,2847,121,95
6/22/2021,2,6,86,2891,121,97
6/23/2021,2,6,101,2511,123,96
6/24/2021,2,6,94,3203,114,94
6/25/2021,2,6,83,3201,114,95
6/26/2021,2,6,121,2886,117,95
6/27/2021,2,6,77,3323,110,91
6/28/2021,2,6,99,2549,122,96
6/29/2021,2,6,77,2531,105,92
6/30/2021,2,6,81,2955,125,94
7/1/2021,2,6,119,3073,112,97
7/2/2021,2,6,121,3402,109,97
7/3/2021,2,6,148,2928,122,95
7/4/2021,2,6,93,3105,121,93
7/5/2021,2,6,102,3443,105,92
7/6/2021,2,6,99,2997,112,92
7/7/2021,2,6,114,3071,103,92
7/8/2021,2,6,123,2634,106,95
7/9/2021,2,6,110,3082,114,96
7/10/2021,2,6,122,2954,102,95
7/11/2021,2,6,76,2812,111,94
7/12/2021,2,6,94,3461,125,93
7/13/2021,2,6,99,3234,118,97
7/14/2021,2,6,107,3478,114,95
7/15/2021,2,6,106,2527,119,93
7/16/2021,2,6,111,2791,108,91
7/17/2021,2,6,118,2859,107,93
7/18/2021,2,6,82,3130,108,93
7/19/2021,2,6,109,3214,123,92
7/20/2021,2,6,93,2688,101,95
7/21/2021,2,6,108,3142,113,93
7/22/2021,2,6,102,3093,108,91
7/23/2021,2,6,106,2816,116,97
7/24/2021,2,6,103,3089,117,92
7/25/2021,2,6,90,2803,107,97
7/26/2021,2,6,97,2864,106,97
7/27/2021,2,6,99,3251,123,92
7/28/2021,2,6,77,3325,117,92
7/29/2021,2,6,106,3448,108,95
7/30/2021,2,6,121,2697,103,96
7/31/2021,2,6,131,3299,115,92
8/1/2021,2,6,88,2617,101,91
8/2/2021,2,6,97,3218,109,91
8/3/2021,2,6,88,2932,111,91
8/4/2021,2,6,92,2678,109,94
8/5/2021,2,6,98,2971,118,92
8/6/2021,2,6,95,3005,107,91
8/7/2021,2,6,105,3279,114,97
8/8/2021,2,6,78,2632,108,97
8/9/2021,2,6,72,3142,118,96
8/10/2021,2,6,77,3195,108,92
8/11/2021,2,6,88,2503,106,93
8/12/2021,2,6,99,2579,106,95
8/13/2021,2,6,92,3255,102,97
8/14/2021,2,6,98,3009,125,94
8/15/2021,2,6,63,3089,110,92
8/16/2021,2,6,79,3015,107,96
8/17/2021,2,6,97,3461,123,93
8/18/2021,2,6,101,3069,116,97
8/19/2021,2,6,96,2799,106,91
8/20/2021,2,6,100,3367,118,97
8/21/2021,2,6,100,2925,111,94
8/22/2021,2,6,76,2650,115,92
8/23/2021,2,6,75,2876,113,91
8/24/2021,2,6,78,3232,115,92
8/25/2021,2,6,106,3028,114,95
8/26/2021,2,6,99,2565,121,96
8/27/2021,2,6,91,3027,125,97
8/28/2021,2,6,110,3244,110,95
8/29/2021,2,6,84,2823,123,96
8/30/2021,2,6,92,2566,117,93
8/31/2021,2,6,90,2547,107,93
9/1/2021,2,6,93,2799,121,91
9/2/2021,2,6,91,2696,106,92
9/3/2021,2,6,95,2662,114,93
9/4/2021,2,6,105,3361,102,94
9/5/2021,2,6,64,2680,119,97
9/6/2021,2,6,76,3086,101,94
9/7/2021,2,6,81,2630,103,96
9/8/2021,2,6,76,3465,101,92
9/9/2021,2,6,89,3492,108,96
9/10/2021,2,6,101,2998,109,95
9/11/2021,2,6,110,3085,105,92
9/12/2021,2,6,51,3228,119,94
9/13/2021,2,6,91,2526,122,92
9/14/2021,2,6,64,3003,117,92
9/15/2021,2,6,77,3360,123,93
9/16/2021,2,6,97,2902,108,95
9/17/2021,2,6,85,2696,122,96
9/18/2021,2,6,98,3419,116,92
9/19/2021,2,6,65,2726,121,94
9/20/2021,2,6,70,3145,125,92
9/21/2021,2,6,80,3275,117,96
9/22/2021,2,6,98,3474,116,95
9/23/2021,2,6,107,2579,112,97
9/24/2021,2,6,80,3027,118,94
9/25/2021,2,6,113,2638,118,96
9/26/2021,2,6,90,2693,110,92
9/27/2021,2,6,82,3029,115,94
9/28/2021,2,6,87,2902,110,95
9/29/2021,2,6,85,2980,109,94
9/30/2021,2,6,92,3447,108,95
10/1/2021,2,6,96,3046,106,95
10/2/2021,2,6,99,2890,118,92
10/3/2021,2,6,67,2988,111,96
10/4/2021,2,6,67,3379,113,91
10/5/2021,2,6,67,2548,124,94
10/6/2021,2,6,79,3232,120,95
10/7/2021,2,6,90,3244,113,96
10/8/2021,2,6,90,2723,107,92
10/9/2021,2,6,98,2575,115,94
10/10/2021,2,6,64,2854,111,92
10/11/2021,2,6,78,3292,109,91
10/12/2021,2,6,74,2801,116,93
10/13/2021,2,6,76,3470,109,91
10/14/2021,2,6,77,2963,106,91
10/15/2021,2,6,90,2538,125,94
10/16/2021,2,6,94,2944,112,96
10/17/2021,2,6,70,3146,118,94
10/18/2021,2,6,66,2630,103,92
10/19/2021,2,6,73,3115,108,96
10/20/2021,2,6,72,2838,108,92
10/21/2021,2,6,85,3173,104,93
10/22/2021,2,6,93,3204,122,96
10/23/2021,2,6,95,2924,104,91
10/24/2021,2,6,57,2589,120,91
10/25/2021,2,6,75,3252,121,92
10/26/2021,2,6,69,2971,116,95
10/27/2021,2,6,63,3123,102,91
10/28/2021,2,6,80,2505,125,94
10/29/2021,2,6,86,3318,119,92
10/30/2021,2,6,91,2607,118,97
10/31/2021,2,6,61,3409,124,92
11/1/2021,2,6,81,3372,108,94
11/2/2021,2,6,76,2514,123,92
11/3/2021,2,6,112,2929,104,92
11/4/2021,2,6,104,2529,123,92
11/5/2021,2,6,98,2504,122,94
11/6/2021,2,6,121,3165,101,96
11/7/2021,2,6,70,3156,118,92
11/8/2021,2,6,90,2577,121,97
11/9/2021,2,6,93,3345,102,93
11/10/2021,2,6,98,3498,114,92
11/11/2021,2,6,97,2911,108,92
11/12/2021,2,6,101,2515,113,94
11/13/2021,2,6,94,3336,121,95
11/14/2021,2,6,59,2826,118,93
11/15/2021,2,6,75,2624,116,92
11/16/2021,2,6,87,2648,125,95
11/17/2021,2,6,91,3445,101,94
11/18/2021,2,6,93,2826,109,91
11/19/2021,2,6,120,2634,109,93
11/20/2021,2,6,119,3330,120,93
11/21/2021,2,6,78,2876,120,92
11/22/2021,2,6,82,3158,118,93
11/23/2021,2,6,72,2693,121,92
11/24/2021,2,6,81,2935,114,97
11/25/2021,2,6,76,3127,103,97
11/26/2021,2,6,103,3418,107,92
11/27/2021,2,6,113,2583,113,93
11/28/2021,2,6,71,2933,104,97
11/29/2021,2,6,86,2735,105,97
11/30/2021,2,6,87,3332,108,91
12/1/2021,2,6,57,2783,103,94
12/2/2021,2,6,52,3011,124,94
12/3/2021,2,6,80,3357,103,93
12/4/2021,2,6,66,2607,103,96
12/5/2021,2,6,50,2941,105,91
12/6/2021,2,6,56,2912,118,97
12/7/2021,2,6,52,3183,117,95
12/8/2021,2,6,69,2979,121,94
12/9/2021,2,6,53,3499,116,92
12/10/2021,2,6,61,2613,124,93
12/11/2021,2,6,82,2671,113,97
12/12/2021,2,6,50,3414,124,91
12/13/2021,2,6,65,3249,104,97
12/14/2021,2,6,55,2975,112,96
12/15/2021,2,6,56,2552,101,93
12/16/2021,2,6,61,2876,108,93
12/17/2021,2,6,62,2597,117,92
12/18/2021,2,6,89,3447,120,93
12/19/2021,2,6,56,3455,120,92
12/20/2021,2,6,61,3277,121,96
12/21/2021,2,6,56,2519,102,94
12/22/2021,2,6,56,2888,106,97
12/23/2021,2,6,51,3402,123,97
12/24/2021,2,6,79,2577,122,93
12/25/2021,2,6,78,3454,105,94
12/26/2021,2,6,41,2871,122,95
12/27/2021,2,6,58,2506,115,93
12/28/2021,2,6,71,2511,118,93
12/29/2021,2,6,68,2934,103,92
12/30/2021,2,6,54,2803,116,95
12/31/2021,2,6,77,2691,104,91
1/1/2022,2,6,62,3096,102,97
1/2/2022,2,6,38,3448,116,92
1/3/2022,2,6,69,2613,107,91
1/4/2022,2,6,55,2967,111,97
1/5/2022,2,6,72,3404,111,91
1/6/2022,2,6,57,2569,121,95
1/7/2022,2,6,61,3011,107,94
1/8/2022,2,6,76,3446,122,97
1/9/2022,2,6,43,3161,110,93
1/10/2022,2,6,55,3031,119,96
1/11/2022,2,6,61,2856,119,94
1/12/2022,2,6,57,3084,124,97
1/13/2022,2,6,52,2821,108,94
1/14/2022,2,6,60,3373,111,97
1/15/2022,2,6,69,2699,124,94
1/16/2022,2,6,46,3090,125,96
1/17/2022,2,6,49,3259,110,91
1/18/2022,2,6,69,3238,123,91
1/19/2022,2,6,64,3386,124,93
1/20/2022,2,6,59,2602,104,94
1/21/2022,2,6,82,2547,125,94
1/22/2022,2,6,67,2700,119,94
1/23/2022,2,6,44,2783,107,96
1/24/2022,2,6,45,3184,106,96
1/25/2022,2,6,54,3494,107,94
1/26/2022,2,6,58,3391,120,91
1/27/2022,2,6,62,2746,118,97
1/28/2022,2,6,72,3451,109,95
1/29/2022,2,6,73,3354,114,94
1/30/2022,2,6,42,2740,107,92
1/31/2022,2,6,57,3229,104,91
2/1/2022,2,6,58,3082,101,93
2/2/2022,2,6,66,3028,120,93
2/3/2022,2,6,66,3098,122,97
2/4/2022,2,6,65,3194,115,97
2/5/2022,2,6,69,2705,115,95
2/6/2022,2,6,40,3256,121,93
2/7/2022,2,6,71,3404,125,94
2/8/2022,2,6,51,2680,105,95
2/9/2022,2,6,63,2594,109,95
2/10/2022,2,6,67,3464,103,92
2/11/2022,2,6,85,2893,102,97
2/12/2022,2,6,67,2523,106,92
2/13/2022,2,6,53,2502,104,93
2/14/2022,2,6,60,2626,124,93
2/15/2022,2,6,51,3383,112,95
2/16/2022,2,6,61,3096,110,94
2/17/2022,2,6,68,2780,119,94
2/18/2022,2,6,72,3210,102,93
2/19/2022,2,6,74,2865,120,94
2/20/2022,2,6,55,3102,112,97
2/21/2022,2,6,63,3493,112,91
2/22/2022,2,6,57,3248,118,97
2/23/2022,2,6,60,2787,112,92
2/24/2022,2,6,66,3209,102,94
2/25/2022,2,6,70,2735,110,92
2/26/2022,2,6,75,2999,103,92
2/27/2022,2,6,52,3339,118,93
2/28/2022,2,6,64,3274,119,93
3/1/2022,2,6,66,3484,120,91
3/2/2022,2,6,83,3198,104,94
3/3/2022,2,6,82,2631,102,95
3/4/2022,2,6,89,2750,124,91
3/5/2022,2,6,80,3439,105,92
3/6/2022,2,6,71,2713,124,92
3/7/2022,2,6,77,3275,118,97
3/8/2022,2,6,65,3058,114,92
3/9/2022,2,6,68,2694,110,96
3/10/2022,2,6,94,3363,119,92
3/11/2022,2,6,80,3496,108,97
3/12/2022,2,6,103,3488,108,92
3/13/2022,2,6,67,3253,116,95
3/14/2022,2,6,66,3203,114,91
3/15/2022,2,6,65,2616,111,97
3/16/2022,2,6,87,2657,118,96
3/17/2022,2,6,85,2833,113,95
3/18/2022,2,6,100,2960,115,96
3/19/2022,2,6,95,3354,104,95
3/20/2022,2,6,55,3248,102,94
3/21/2022,2,6,71,2918,101,95
3/22/2022,2,6,66,3065,116,96
3/23/2022,2,6,80,2586,106,95
3/24/2022,2,6,81,2974,108,91
3/25/2022,2,6,71,3476,120,95
3/26/2022,2,6,101,3360,119,91
3/27/2022,2,6,58,2934,101,91
3/28/2022,2,6,66,2984,122,93
3/29/2022,2,6,67,3423,116,93
3/30/2022,2,6,65,3028,125,96
3/31/2022,2,6,75,2863,119,91
4/1/2022,2,6,104,3452,102,93
4/2/2022,2,6,114,2557,122,96
4/3/2022,2,6,72,3271,107,92
4/4/2022,2,6,78,2666,125,94
4/5/2022,2,6,76,2970,114,91
4/6/2022,2,6,78,2684,112,94
4/7/2022,2,6,80,2524,124,95
4/8/2022,2,6,92,2835,113,94
4/9/2022,2,6,120,2583,115,94
4/10/2022,2,6,101,3189,102,94
4/11/2022,2,6,69,2783,109,97
4/12/2022,2,6,81,2515,113,92
4/13/2022,2,6,72,2739,114,97
4/14/2022,2,6,91,3317,105,93
4/15/2022,2,6,114,3232,106,91
4/16/2022,2,6,90,2766,115,93
4/17/2022,2,6,84,3297,108,93
4/18/2022,2,6,80,3282,110,95
4/19/2022,2,6,81,2841,108,94
4/20/2022,2,6,85,3068,106,95
4/21/2022,2,6,100,2748,123,96
4/22/2022,2,6,113,2506,123,97
4/23/2022,2,6,108,2540,115,92
4/24/2022,2,6,68,3497,110,95
4/25/2022,2,6,91,3328,103,93
4/26/2022,2,6,90,3230,106,91
4/27/2022,2,6,80,3070,103,91
4/28/2022,2,6,100,3020,122,97
4/29/2022,2,6,116,2692,107,92
4/30/2022,2,6,120,2907,104,95
5/1/2022,2,6,62,2885,115,96
5/2/2022,2,6,89,2719,116,91
5/3/2022,2,6,88,3157,111,92
5/4/2022,2,6,68,2651,119,97
5/5/2022,2,6,125,3347,103,94
5/6/2022,2,6,103,2599,124,96
5/7/2022,2,6,121,3084,117,94
5/8/2022,2,6,76,3138,120,94
5/9/2022,2,6,88,2785,123,91
5/10/2022,2,6,73,3028,122,91
5/11/2022,2,6,83,3444,124,96
5/12/2022,2,6,102,3116,106,97
5/13/2022,2,6,89,2558,123,94
5/14/2022,2,6,133,3273,114,91
5/15/2022,2,6,69,2533,110,95
5/16/2022,2,6,85,2735,120,94
5/17/2022,2,6,100,3015,106,94
5/18/2022,2,6,94,3386,125,93
5/19/2022,2,6,117,2755,104,97
5/20/2022,2,6,119,2912,103,95
5/21/2022,2,6,115,2886,114,94
5/22/2022,2,6,79,3290,112,91
5/23/2022,2,6,94,3151,110,95
5/24/2022,2,6,86,2638,113,97
5/25/2022,2,6,89,2572,121,95
5/26/2022,2,6,106,3077,125,93
5/27/2022,2,6,121,2716,121,95
5/28/2022,2,6,116,2927,109,97
5/29/2022,2,6,88,3188,104,95
5/30/2022,2,6,94,3367,117,92
5/31/2022,2,6,78,3498,112,91
6/1/2022,2,6,84,3356,109,95
6/2/2022,2,6,109,2864,110,97
6/3/2022,2,6,110,2882,123,93
6/4/2022,2,6,145,2856,110,93
6/5/2022,2,6,88,3066,105,91
6/6/2022,2,6,81,3431,117,95
6/7/2022,2,6,97,2741,104,92
6/8/2022,2,6,111,3092,110,93
6/9/2022,2,6,90,3352,118,92
6/10/2022,2,6,115,3362,108,91
6/11/2022,2,6,123,3007,112,92
6/12/2022,2,6,70,2572,122,91
6/13/2022,2,6,99,3048,111,95
6/14/2022,2,6,74,3340,102,95
6/15/2022,2,6,107,3331,114,93
6/16/2022,2,6,108,2640,112,94
6/17/2022,2,6,121,3436,110,95
6/18/2022,2,6,136,3058,122,93
6/19/2022,2,6,82,3205,108,92
6/20/2022,2,6,106,3231,102,97
6/21/2022,2,6,81,3425,106,91
6/22/2022,2,6,80,3292,104,92
6/23/2022,2,6,108,3299,101,95
6/24/2022,2,6,131,2832,115,92
6/25/2022,2,6,115,2960,123,95
6/26/2022,2,6,86,2588,118,94
6/27/2022,2,6,85,3348,116,92
6/28/2022,2,6,95,3500,122,93
6/29/2022,2,6,123,2847,107,97
6/30/2022,2,6,109,3037,117,96
7/1/2022,2,6,127,2683,119,97
7/2/2022,2,6,132,3079,124,92
7/3/2022,2,6,87,3086,107,96
7/4/2022,2,6,101,2717,112,96
7/5/2022,2,6,102,3262,115,97
7/6/2022,2,6,114,2965,114,97
7/7/2022,2,6,96,3235,102,96
7/8/2022,2,6,98,2579,119,92
7/9/2022,2,6,111,2941,101,96
7/10/2022,2,6,96,2717,123,95
7/11/2022,2,6,94,3055,109,96
7/12/2022,2,6,111,3212,124,96
7/13/2022,2,6,110,2962,109,93
7/14/2022,2,6,116,2880,113,95
7/15/2022,2,6,114,3061,109,96
7/16/2022,2,6,139,3080,106,93
7/17/2022,2,6,87,2925,113,93
7/18/2022,2,6,93,2704,120,97
7/19/2022,2,6,97,3341,112,93
7/20/2022,2,6,91,2581,106,95
7/21/2022,2,6,100,3421,123,91
7/22/2022,2,6,113,2540,112,92
7/23/2022,2,6,141,2813,110,92
7/24/2022,2,6,77,2609,104,94
7/25/2022,2,6,97,3209,110,95
7/26/2022,2,6,95,3240,120,93
7/27/2022,2,6,112,2591,119,92
7/28/2022,2,6,102,2557,109,97
7/29/2022,2,6,117,3060,119,92
7/30/2022,2,6,144,2678,108,94
7/31/2022,2,6,75,2835,116,94
8/1/2022,2,6,75,3382,112,97
8/2/2022,2,6,90,2787,111,91
8/3/2022,2,6,106,3247,106,93
8/4/2022,2,6,91,3455,125,95
8/5/2022,2,6,113,2682,117,97
8/6/2022,2,6,108,2996,113,92
8/7/2022,2,6,66,3063,116,97
8/8/2022,2,6,97,2510,120,92
8/9/2022,2,6,99,3182,116,92
8/10/2022,2,6,103,3112,115,93
8/11/2022,2,6,94,3333,118,94
8/12/2022,2,6,113,3288,114,94
8/13/2022,2,6,133,3160,117,93
8/14/2022,2,6,67,3407,118,94
8/15/2022,2,6,80,2673,113,96
8/16/2022,2,6,92,2786,102,96
8/17/2022,2,6,95,3396,105,96
8/18/2022,2,6,94,2874,122,94
8/19/2022,2,6,101,2566,120,92
8/20/2022,2,6,91,3292,122,93
8/21/2022,2,6,76,2681,105,97
8/22/2022,2,6,93,3347,121,91
8/23/2022,2,6,97,3484,102,95
8/24/2022,2,6,102,3183,106,97
8/25/2022,2,6,101,2971,123,97
8/26/2022,2,6,104,2673,122,96
8/27/2022,2,6,113,2901,120,91
8/28/2022,2,6,74,2656,114,92
8/29/2022,2,6,73,3275,106,94
8/30/2022,2,6,76,2899,103,92
8/31/2022,2,6,110,2800,113,96
9/1/2022,2,6,100,2887,124,93
9/2/2022,2,6,88,3067,105,94
9/3/2022,2,6,114,2668,117,97
9/4/2022,2,6,94,3274,124,95
9/5/2022,2,6,82,3409,113,92
9/6/2022,2,6,81,2791,124,93
9/7/2022,2,6,76,3415,106,92
9/8/2022,2,6,98,3273,105,93
9/9/2022,2,6,100,3075,101,95
9/10/2022,2,6,116,3340,111,93
9/11/2022,2,6,76,2887,122,93
9/12/2022,2,6,85,3019,114,93
9/13/2022,2,6,82,3107,112,95
9/14/2022,2,6,71,2786,115,96
9/15/2022,2,6,91,3332,101,95
9/16/2022,2,6,91,2847,122,91
9/17/2022,2,6,102,3031,113,95
9/18/2022,2,6,62,2911,111,96
9/19/2022,2,6,97,2838,105,96
9/20/2022,2,6,89,3353,117,92
9/21/2022,2,6,72,2757,109,95
9/22/2022,2,6,83,2550,119,97
9/23/2022,2,6,96,2729,108,92
9/24/2022,2,6,95,3257,117,96
9/25/2022,2,6,69,3107,110,91
9/26/2022,2,6,79,2988,116,94
9/27/2022,2,6,80,3418,113,97
9/28/2022,2,6,93,2771,122,94
9/29/2022,2,6,98,2548,107,94
9/30/2022,2,6,108,2936,113,95
10/1/2022,2,6,92,2867,103,94
10/2/2022,2,6,68,3368,101,91
10/3/2022,2,6,56,3489,104,96
10/4/2022,2,6,76,2758,115,94
10/5/2022,2,6,89,3294,111,97
10/6/2022,2,6,95,2729,123,93
10/7/2022,2,6,102,3339,107,96
10/8/2022,2,6,82,2799,114,93
10/9/2022,2,6,62,3105,106,96
10/10/2022,2,6,96,3417,113,96
10/11/2022,2,6,57,2618,108,96
10/12/2022,2,6,89,2930,111,91
10/13/2022,2,6,80,2865,104,97
10/14/2022,2,6,78,2752,125,97
10/15/2022,2,6,93,3194,120,93
10/16/2022,2,6,61,3210,101,92
10/17/2022,2,6,90,2567,105,93
10/18/2022,2,6,83,3013,118,94
10/19/2022,2,6,82,2785,115,94
10/20/2022,2,6,91,2906,106,92
10/21/2022,2,6,87,2830,114,91
10/22/2022,2,6,98,2764,101,97
10/23/2022,2,6,63,3323,114,93
10/24/2022,2,6,77,3014,115,97
10/25/2022,2,6,75,2534,121,95
10/26/2022,2,6,79,2882,114,91
10/27/2022,2,6,105,2585,101,96
10/28/2022,2,6,89,3324,114,96
10/29/2022,2,6,74,2756,106,94
10/30/2022,2,6,60,2933,124,93
10/31/2022,2,6,89,3307,104,95
11/1/2022,2,6,85,3448,114,94
11/2/2022,2,6,72,3456,118,95
11/3/2022,2,6,93,2520,110,93
11/4/2022,2,6,103,2969,124,97
11/5/2022,2,6,111,3071,104,97
11/6/2022,2,6,53,3209,115,91
11/7/2022,2,6,73,2527,120,93
11/8/2022,2,6,76,3383,112,97
11/9/2022,2,6,85,3117,107,96
11/10/2022,2,6,78,3260,114,96
11/11/2022,2,6,97,3453,107,96
11/12/2022,2,6,90,2755,122,96
11/13/2022,2,6,70,2864,104,96
11/14/2022,2,6,97,2915,114,95
11/15/2022,2,6,75,3314,114,96
11/16/2022,2,6,89,3445,116,91
11/17/2022,2,6,100,2529,108,92
11/18/2022,2,6,100,2734,110,95
11/19/2022,2,6,113,3224,116,94
11/20/2022,2,6,67,3222,122,94
11/21/2022,2,6,91,2611,124,91
11/22/2022,2,6,67,3231,122,93
11/23/2022,2,6,98,3492,120,97
11/24/2022,2,6,84,2576,109,94
11/25/2022,2,6,84,2652,105,91
11/26/2022,2,6,119,2960,120,97
11/27/2022,2,6,76,3353,124,91
11/28/2022,2,6,79,2984,121,91
11/29/2022,2,6,84,3068,114,92
11/30/2022,2,6,76,2695,115,92
12/1/2022,2,6,44,2778,107,94
12/2/2022,2,6,80,3133,111,97
12/3/2022,2,6,83,2899,119,94
12/4/2022,2,6,59,2951,105,97
12/5/2022,2,6,63,3029,112,97
12/6/2022,2,6,65,3342,113,96
12/7/2022,2,6,64,3047,125,92
12/8/2022,2,6,61,3125,113,93
12/9/2022,2,6,50,3367,116,94
12/10/2022,2,6,71,2726,108,97
12/11/2022,2,6,52,3195,110,94
12/12/2022,2,6,64,2817,106,91
12/13/2022,2,6,72,2645,113,94
12/14/2022,2,6,66,2560,101,94
12/15/2022,2,6,68,3162,121,93
12/16/2022,2,6,88,2713,103,95
12/17/2022,2,6,73,3426,113,95
12/18/2022,2,6,43,2505,114,97
12/19/2022,2,6,55,3015,123,92
12/20/2022,2,6,60,2856,105,92
12/21/2022,2,6,80,2958,118,94
12/22/2022,2,6,66,3200,106,92
12/23/2022,2,6,59,2523,107,96
12/24/2022,2,6,73,2767,119,96
12/25/2022,2,6,56,3247,116,94
12/26/2022,2,6,54,3042,105,95
12/27/2022,2,6,56,2972,102,92
12/28/2022,2,6,63,3216,110,95
12/29/2022,2,6,72,3028,106,97
12/30/2022,2,6,67,3348,118,91
12/31/2022,2,6,58,3392,123,92
1/1/2018,3,6,34,3325,108,92
1/2/2018,3,6,38,3064,101,92
1/3/2018,3,6,32,3140,124,97
1/4/2018,3,6,36,3128,105,96
1/5/2018,3,6,36,2790,104,91
1/6/2018,3,6,37,2525,115,96
1/7/2018,3,6,25,2898,112,92
1/8/2018,3,6,30,3396,105,91
1/9/2018,3,6,38,3282,101,95
1/10/2018,3,6,28,3014,112,91
1/11/2018,3,6,44,2795,125,96
1/12/2018,3,6,49,2668,102,95
1/13/2018,3,6,40,3331,119,94
1/14/2018,3,6,31,2526,111,96
1/15/2018,3,6,27,2859,102,93
1/16/2018,3,6,31,2757,116,96
1/17/2018,3,6,34,2626,119,91
1/18/2018,3,6,41,2817,110,95
1/19/2018,3,6,43,2724,117,94
1/20/2018,3,6,39,3144,122,96
1/21/2018,3,6,31,3220,103,94
1/22/2018,3,6,32,3456,118,91
1/23/2018,3,6,36,2633,105,91
1/24/2018,3,6,40,3141,124,97
1/25/2018,3,6,44,3262,105,92
1/26/2018,3,6,32,3027,108,96
1/27/2018,3,6,54,3095,118,94
1/28/2018,3,6,28,3360,116,96
1/29/2018,3,6,34,2944,102,91
1/30/2018,3,6,37,3414,108,92
1/31/2018,3,6,45,3370,110,91
2/1/2018,3,6,44,2529,121,91
2/2/2018,3,6,50,3435,109,92
2/3/2018,3,6,47,2594,125,95
2/4/2018,3,6,40,3479,116,94
2/5/2018,3,6,28,3491,125,95
2/6/2018,3,6,45,3441,105,93
2/7/2018,3,6,52,2509,117,93
2/8/2018,3,6,51,2514,119,93
2/9/2018,3,6,50,2997,115,94
2/10/2018,3,6,50,2507,122,95
2/11/2018,3,6,37,3488,124,93
2/12/2018,3,6,30,2528,106,95
2/13/2018,3,6,47,3202,121,94
2/14/2018,3,6,39,3216,114,92
2/15/2018,3,6,49,3180,114,92
2/16/2018,3,6,56,2913,113,96
2/17/2018,3,6,46,3178,124,97
2/18/2018,3,6,28,3308,112,95
2/19/2018,3,6,43,3440,101,93
2/20/2018,3,6,39,2619,115,93
2/21/2018,3,6,42,2687,101,95
2/22/2018,3,6,38,3455,108,91
2/23/2018,3,6,47,3335,118,94
2/24/2018,3,6,49,3093,108,97
2/25/2018,3,6,24,3472,120,96
2/26/2018,3,6,28,2856,119,94
2/27/2018,3,6,39,3158,125,95
2/28/2018,3,6,47,3285,110,96
3/1/2018,3,6,55,3143,117,91
3/2/2018,3,6,54,2790,113,97
3/3/2018,3,6,54,3442,117,97
3/4/2018,3,6,34,2913,111,95
3/5/2018,3,6,55,3319,115,93
3/6/2018,3,6,42,3037,119,91
3/7/2018,3,6,48,2788,110,93
3/8/2018,3,6,50,2695,119,93
3/9/2018,3,6,57,2778,104,95
3/10/2018,3,6,58,2880,115,92
3/11/2018,3,6,42,2594,106,95
3/12/2018,3,6,40,2600,112,92
3/13/2018,3,6,42,3065,101,92
3/14/2018,3,6,54,3147,115,97
3/15/2018,3,6,39,2735,102,96
3/16/2018,3,6,67,3466,120,91
3/17/2018,3,6,64,3222,107,97
3/18/2018,3,6,36,2628,119,94
3/19/2018,3,6,40,2664,113,97
3/20/2018,3,6,37,3033,110,96
3/21/2018,3,6,61,2576,107,91
3/22/2018,3,6,53,3003,105,91
3/23/2018,3,6,47,2971,114,96
3/24/2018,3,6,59,2758,101,94
3/25/2018,3,6,34,2543,116,96
3/26/2018,3,6,49,2647,117,96
3/27/2018,3,6,40,3177,108,93
3/28/2018,3,6,54,3291,106,92
3/29/2018,3,6,54,2945,119,95
3/30/2018,3,6,54,3285,104,96
3/31/2018,3,6,54,2822,122,95
4/1/2018,3,6,44,3261,106,93
4/2/2018,3,6,54,2899,120,94
4/3/2018,3,6,54,3346,116,97
4/4/2018,3,6,57,2612,110,92
4/5/2018,3,6,65,2785,121,95
4/6/2018,3,6,65,2612,117,91
4/7/2018,3,6,62,2697,103,96
4/8/2018,3,6,46,3434,101,96
4/9/2018,3,6,57,2733,104,96
4/10/2018,3,6,53,3466,107,92
4/11/2018,3,6,63,3252,111,97
4/12/2018,3,6,67,2649,119,93
4/13/2018,3,6,64,2989,123,96
4/14/2018,3,6,69,3099,125,95
4/15/2018,3,6,41,2783,124,91
4/16/2018,3,6,74,2749,106,92
4/17/2018,3,6,49,3312,124,93
4/18/2018,3,6,54,2534,103,93
4/19/2018,3,6,59,2537,114,94
4/20/2018,3,6,63,3471,121,96
4/21/2018,3,6,63,3184,108,92
4/22/2018,3,6,41,2631,105,94
4/23/2018,3,6,55,2845,111,97
4/24/2018,3,6,49,3306,124,94
4/25/2018,3,6,61,2527,124,97
4/26/2018,3,6,46,2908,112,92
4/27/2018,3,6,53,3389,117,96
4/28/2018,3,6,65,3128,109,96
4/29/2018,3,6,44,3036,116,96
4/30/2018,3,6,51,2694,123,95
5/1/2018,3,6,61,2902,114,94
5/2/2018,3,6,81,3264,108,91
5/3/2018,3,6,65,2996,123,94
5/4/2018,3,6,67,3158,112,91
5/5/2018,3,6,86,2905,109,91
5/6/2018,3,6,45,3164,124,97
5/7/2018,3,6,56,3401,102,91
5/8/2018,3,6,68,3327,120,95
5/9/2018,3,6,71,3315,111,95
5/10/2018,3,6,67,3052,115,96
5/11/2018,3,6,68,3384,119,93
5/12/2018,3,6,62,3397,119,95
5/13/2018,3,6,52,3076,107,94
5/14/2018,3,6,71,2583,120,96
5/15/2018,3,6,62,2645,120,95
5/16/2018,3,6,55,2756,103,94
5/17/2018,3,6,56,3178,108,97
5/18/2018,3,6,76,2757,102,94
5/19/2018,3,6,64,3120,111,95
5/20/2018,3,6,57,2851,105,97
5/21/2018,3,6,49,2958,110,94
5/22/2018,3,6,65,2821,119,91
5/23/2018,3,6,65,2795,114,93
5/24/2018,3,6,69,3120,122,97
5/25/2018,3,6,65,2662,106,96
5/26/2018,3,6,76,3313,112,97
5/27/2018,3,6,54,2980,117,96
5/28/2018,3,6,65,3115,122,97
5/29/2018,3,6,59,3182,117,91
5/30/2018,3,6,59,2966,107,95
5/31/2018,3,6,60,3312,106,95
6/1/2018,3,6,84,2648,119,94
6/2/2018,3,6,82,3451,109,91
6/3/2018,3,6,65,2815,102,91
6/4/2018,3,6,59,2617,109,94
6/5/2018,3,6,54,2552,107,91
6/6/2018,3,6,74,3389,124,92
6/7/2018,3,6,63,2765,107,95
6/8/2018,3,6,75,3332,103,92
6/9/2018,3,6,74,3408,118,92
6/10/2018,3,6,52,2530,111,96
6/11/2018,3,6,57,2800,107,96
6/12/2018,3,6,76,3108,114,93
6/13/2018,3,6,58,2955,121,94
6/14/2018,3,6,85,3391,106,96
6/15/2018,3,6,65,2938,123,97
6/16/2018,3,6,89,3271,101,91
6/17/2018,3,6,35,2667,103,91
6/18/2018,3,6,59,2850,125,92
6/19/2018,3,6,72,2896,113,95
6/20/2018,3,6,57,3197,113,94
6/21/2018,3,6,49,2514,125,95
6/22/2018,3,6,77,2886,121,95
6/23/2018,3,6,92,3141,119,93
6/24/2018,3,6,63,2504,120,97
6/25/2018,3,6,59,3495,113,94
6/26/2018,3,6,67,2636,107,94
6/27/2018,3,6,70,2769,113,95
6/28/2018,3,6,78,3490,125,97
6/29/2018,3,6,74,3094,111,91
6/30/2018,3,6,66,3030,105,97
7/1/2018,3,6,47,3056,124,96
7/2/2018,3,6,60,2754,104,94
7/3/2018,3,6,64,2556,102,97
7/4/2018,3,6,68,2956,110,97
7/5/2018,3,6,63,2793,103,96
7/6/2018,3,6,81,2990,107,96
7/7/2018,3,6,74,3092,120,92
7/8/2018,3,6,56,2880,124,94
7/9/2018,3,6,63,3197,103,92
7/10/2018,3,6,68,2912,117,95
7/11/2018,3,6,59,3460,104,95
7/12/2018,3,6,64,2943,106,93
7/13/2018,3,6,65,2699,104,97
7/14/2018,3,6,85,3499,103,91
7/15/2018,3,6,53,2827,121,94
7/16/2018,3,6,84,3063,112,96
7/17/2018,3,6,64,2690,103,94
7/18/2018,3,6,87,3094,110,91
7/19/2018,3,6,80,2659,111,93
7/20/2018,3,6,89,3000,108,96
7/21/2018,3,6,86,2986,116,91
7/22/2018,3,6,46,3147,113,91
7/23/2018,3,6,53,2706,101,96
7/24/2018,3,6,59,3464,121,96
7/25/2018,3,6,68,3231,107,97
7/26/2018,3,6,71,2738,103,94
7/27/2018,3,6,101,2663,124,92
7/28/2018,3,6,87,3314,103,97
7/29/2018,3,6,65,3176,119,94
7/30/2018,3,6,75,3458,106,96
7/31/2018,3,6,70,2725,109,97
8/1/2018,3,6,54,2983,115,96
8/2/2018,3,6,63,3143,119,97
8/3/2018,3,6,76,3163,112,97
8/4/2018,3,6,72,3260,105,95
8/5/2018,3,6,44,3500,122,91
8/6/2018,3,6,48,3068,104,93
8/7/2018,3,6,56,2805,104,91
8/8/2018,3,6,75,2933,112,91
8/9/2018,3,6,58,2555,101,93
8/10/2018,3,6,84,3054,112,94
8/11/2018,3,6,78,3398,123,91
8/12/2018,3,6,45,3488,106,97
8/13/2018,3,6,51,2571,106,95
8/14/2018,3,6,56,3013,108,93
8/15/2018,3,6,78,3326,107,91
8/16/2018,3,6,52,3032,124,95
8/17/2018,3,6,63,2720,121,95
8/18/2018,3,6,64,2855,101,91
8/19/2018,3,6,51,3311,111,94
8/20/2018,3,6,49,3030,114,95
8/21/2018,3,6,67,3387,118,92
8/22/2018,3,6,58,3163,104,95
8/23/2018,3,6,71,3346,106,93
8/24/2018,3,6,64,3255,125,94
8/25/2018,3,6,58,3104,107,96
8/26/2018,3,6,47,2602,101,95
8/27/2018,3,6,49,2675,117,95
8/28/2018,3,6,74,2732,122,94
8/29/2018,3,6,63,2667,115,94
8/30/2018,3,6,76,3369,116,92
8/31/2018,3,6,75,3498,113,92
9/1/2018,3,6,65,3030,106,97
9/2/2018,3,6,52,3300,122,97
9/3/2018,3,6,58,2735,122,93
9/4/2018,3,6,55,3070,102,91
9/5/2018,3,6,40,3265,112,96
9/6/2018,3,6,65,2823,116,91
9/7/2018,3,6,70,3317,124,95
9/8/2018,3,6,70,2818,120,96
9/9/2018,3,6,55,2561,120,91
9/10/2018,3,6,56,3079,103,93
9/11/2018,3,6,55,2997,114,93
9/12/2018,3,6,64,3196,115,95
9/13/2018,3,6,62,3108,107,97
9/14/2018,3,6,78,3366,101,92
9/15/2018,3,6,71,3317,124,93
9/16/2018,3,6,54,2550,111,97
9/17/2018,3,6,54,2510,115,94
9/18/2018,3,6,37,2818,119,91
9/19/2018,3,6,71,2510,111,95
9/20/2018,3,6,64,3384,115,96
9/21/2018,3,6,56,3492,105,91
9/22/2018,3,6,57,3110,118,93
9/23/2018,3,6,41,2996,111,97
9/24/2018,3,6,61,2539,108,94
9/25/2018,3,6,60,2676,115,97
9/26/2018,3,6,56,2784,106,91
9/27/2018,3,6,54,2791,104,91
9/28/2018,3,6,70,2831,117,96
9/29/2018,3,6,73,3327,106,97
9/30/2018,3,6,44,2517,120,91
10/1/2018,3,6,51,3180,118,93
10/2/2018,3,6,52,2735,117,91
10/3/2018,3,6,54,3192,109,93
10/4/2018,3,6,53,2947,121,92
10/5/2018,3,6,66,3157,102,97
10/6/2018,3,6,61,3314,122,92
10/7/2018,3,6,34,3108,110,95
10/8/2018,3,6,42,3483,105,97
10/9/2018,3,6,59,3029,118,93
10/10/2018,3,6,58,3168,108,94
10/11/2018,3,6,49,2906,117,94
10/12/2018,3,6,67,3065,109,97
10/13/2018,3,6,71,3485,108,92
10/14/2018,3,6,38,3031,103,92
10/15/2018,3,6,51,2940,114,93
10/16/2018,3,6,49,2759,102,91
10/17/2018,3,6,49,2733,121,96
10/18/2018,3,6,57,2758,114,96
10/19/2018,3,6,58,3060,110,94
10/20/2018,3,6,68,2660,113,95
10/21/2018,3,6,43,2607,122,97
10/22/2018,3,6,46,2868,108,94
10/23/2018,3,6,58,3358,117,91
10/24/2018,3,6,45,3277,124,92
10/25/2018,3,6,77,3302,110,92
10/26/2018,3,6,63,2630,117,92
10/27/2018,3,6,63,3201,115,91
10/28/2018,3,6,51,2782,112,97
10/29/2018,3,6,50,2521,116,96
10/30/2018,3,6,67,2917,101,93
10/31/2018,3,6,57,2628,117,94
11/1/2018,3,6,58,3270,102,96
11/2/2018,3,6,60,2579,111,97
11/3/2018,3,6,77,3372,122,94
11/4/2018,3,6,46,3263,101,97
11/5/2018,3,6,48,2543,113,95
11/6/2018,3,6,56,2538,106,95
11/7/2018,3,6,44,3017,125,92
11/8/2018,3,6,60,2925,119,96
11/9/2018,3,6,71,2975,116,97
11/10/2018,3,6,73,2607,106,93
11/11/2018,3,6,42,3003,122,92
11/12/2018,3,6,56,2655,125,91
11/13/2018,3,6,44,2676,114,93
11/14/2018,3,6,47,2503,108,97
11/15/2018,3,6,48,2505,120,91
11/16/2018,3,6,52,2689,107,92
11/17/2018,3,6,79,2506,124,91
11/18/2018,3,6,50,3002,114,93
11/19/2018,3,6,56,2875,118,91
11/20/2018,3,6,66,2689,120,95
11/21/2018,3,6,62,2907,118,92
11/22/2018,3,6,56,2737,117,95
11/23/2018,3,6,54,3392,111,91
11/24/2018,3,6,55,2855,105,96
11/25/2018,3,6,54,2778,116,92
11/26/2018,3,6,57,2688,103,91
11/27/2018,3,6,52,2946,112,91
11/28/2018,3,6,70,2612,119,93
11/29/2018,3,6,82,3288,125,92
11/30/2018,3,6,78,3195,123,92
12/1/2018,3,6,48,2808,108,92
12/2/2018,3,6,38,2627,106,92
12/3/2018,3,6,40,3193,125,94
12/4/2018,3,6,36,3075,119,96
12/5/2018,3,6,48,2899,119,92
12/6/2018,3,6,43,2766,117,95
12/7/2018,3,6,50,2813,116,97
12/8/2018,3,6,54,3354,107,92
12/9/2018,3,6,33,3144,109,97
12/10/2018,3,6,37,3418,109,95
12/11/2018,3,6,38,2697,120,92
12/12/2018,3,6,43,3070,103,95
12/13/2018,3,6,44,2948,122,93
12/14/2018,3,6,57,3117,110,91
12/15/2018,3,6,51,3324,115,94
12/16/2018,3,6,29,2752,120,96
12/17/2018,3,6,40,2781,123,94
12/18/2018,3,6,32,2663,108,92
12/19/2018,3,6,42,3366,125,92
12/20/2018,3,6,48,3318,104,96
12/21/2018,3,6,40,3001,111,97
12/22/2018,3,6,47,2635,125,91
12/23/2018,3,6,39,3385,125,92
12/24/2018,3,6,32,2756,114,95
12/25/2018,3,6,38,2543,107,92
12/26/2018,3,6,35,2948,120,96
12/27/2018,3,6,59,2682,103,97
12/28/2018,3,6,48,2505,123,97
12/29/2018,3,6,44,2868,105,94
12/30/2018,3,6,39,3106,109,93
12/31/2018,3,6,43,2784,115,92
1/1/2019,3,6,49,2636,106,93
1/2/2019,3,6,43,2816,113,92
1/3/2019,3,6,43,2872,106,95
1/4/2019,3,6,49,3059,107,97
1/5/2019,3,6,48,2701,107,96
1/6/2019,3,6,34,3433,117,94
1/7/2019,3,6,37,3323,104,91
1/8/2019,3,6,39,2842,113,91
1/9/2019,3,6,45,2505,117,93
1/10/2019,3,6,44,2950,121,95
1/11/2019,3,6,58,2652,123,95
1/12/2019,3,6,59,3053,109,93
1/13/2019,3,6,27,3008,105,92
1/14/2019,3,6,35,2997,116,93
1/15/2019,3,6,26,2855,120,96
1/16/2019,3,6,59,2744,116,91
1/17/2019,3,6,48,2690,118,94
1/18/2019,3,6,45,3339,121,92
1/19/2019,3,6,54,2774,103,91
1/20/2019,3,6,28,2848,116,92
1/21/2019,3,6,42,3393,113,97
1/22/2019,3,6,42,2667,101,92
1/23/2019,3,6,39,2931,102,92
1/24/2019,3,6,48,3041,109,94
1/25/2019,3,6,45,3209,113,92
1/26/2019,3,6,52,2789,118,96
1/27/2019,3,6,32,3319,116,97
1/28/2019,3,6,46,3182,104,93
1/29/2019,3,6,43,2503,121,94
1/30/2019,3,6,41,3197,110,94
1/31/2019,3,6,44,2855,119,91
2/1/2019,3,6,49,3225,113,91
2/2/2019,3,6,63,3456,101,94
2/3/2019,3,6,30,3047,103,96
2/4/2019,3,6,37,3218,105,96
2/5/2019,3,6,40,3027,110,93
2/6/2019,3,6,57,3098,105,92
2/7/2019,3,6,44,3407,115,94
2/8/2019,3,6,54,2919,116,91
2/9/2019,3,6,74,3325,117,96
2/10/2019,3,6,35,2979,123,93
2/11/2019,3,6,42,2834,111,97
2/12/2019,3,6,46,3112,108,93
2/13/2019,3,6,28,3076,114,93
2/14/2019,3,6,51,2937,105,96
2/15/2019,3,6,51,2687,124,95
2/16/2019,3,6,55,3106,125,97
2/17/2019,3,6,32,3007,111,92
2/18/2019,3,6,43,3133,115,97
2/19/2019,3,6,47,2739,117,91
2/20/2019,3,6,52,3097,121,94
2/21/2019,3,6,51,2846,125,93
2/22/2019,3,6,56,3317,114,91
2/23/2019,3,6,60,3473,105,95
2/24/2019,3,6,39,2824,108,95
2/25/2019,3,6,42,2796,105,92
2/26/2019,3,6,38,2699,107,91
2/27/2019,3,6,44,2905,118,92
2/28/2019,3,6,46,2699,124,92
3/1/2019,3,6,65,2891,121,94
3/2/2019,3,6,62,2754,118,95
3/3/2019,3,6,44,2625,110,93
3/4/2019,3,6,49,2783,124,91
3/5/2019,3,6,46,2554,103,94
3/6/2019,3,6,70,2829,118,92
3/7/2019,3,6,51,2829,101,94
3/8/2019,3,6,61,3057,108,91
3/9/2019,3,6,49,3476,108,97
3/10/2019,3,6,47,2884,120,92
3/11/2019,3,6,45,2690,103,92
3/12/2019,3,6,56,2767,114,94
3/13/2019,3,6,54,3240,101,94
3/14/2019,3,6,52,3390,103,91
3/15/2019,3,6,70,3204,102,94
3/16/2019,3,6,67,2822,122,92
3/17/2019,3,6,41,3303,116,96
3/18/2019,3,6,50,2647,102,97
3/19/2019,3,6,46,2546,107,97
3/20/2019,3,6,45,3078,109,94
3/21/2019,3,6,64,3160,116,94
3/22/2019,3,6,67,3306,118,92
3/23/2019,3,6,70,2718,115,91
3/24/2019,3,6,49,2812,109,95
3/25/2019,3,6,58,2893,113,94
3/26/2019,3,6,57,3437,123,94
3/27/2019,3,6,67,2527,124,92
3/28/2019,3,6,66,3114,123,94
3/29/2019,3,6,67,3417,105,93
3/30/2019,3,6,79,2850,107,91
3/31/2019,3,6,59,2957,125,96
4/1/2019,3,6,69,2982,102,92
4/2/2019,3,6,57,2990,101,96
4/3/2019,3,6,74,2967,124,93
4/4/2019,3,6,64,2538,107,92
4/5/2019,3,6,64,2537,121,97
4/6/2019,3,6,92,2531,116,91
4/7/2019,3,6,43,3500,102,92
4/8/2019,3,6,61,3051,111,93
4/9/2019,3,6,67,2534,117,95
4/10/2019,3,6,72,2766,120,93
4/11/2019,3,6,71,2691,110,95
4/12/2019,3,6,98,3466,114,95
4/13/2019,3,6,87,3372,111,92
4/14/2019,3,6,54,3038,124,92
4/15/2019,3,6,75,3248,110,91
4/16/2019,3,6,69,2968,125,97
4/17/2019,3,6,63,3361,116,96
4/18/2019,3,6,72,2503,104,92
4/19/2019,3,6,94,2677,101,94
4/20/2019,3,6,80,2802,110,94
4/21/2019,3,6,55,3443,105,96
4/22/2019,3,6,74,3180,103,94
4/23/2019,3,6,60,3263,124,94
4/24/2019,3,6,82,3454,108,93
4/25/2019,3,6,83,3328,117,91
4/26/2019,3,6,70,2855,123,92
4/27/2019,3,6,98,2727,122,93
4/28/2019,3,6,62,3088,109,94
4/29/2019,3,6,54,2577,119,94
4/30/2019,3,6,61,3178,109,95
5/1/2019,3,6,73,3429,115,91
5/2/2019,3,6,76,3022,115,97
5/3/2019,3,6,107,3012,124,91
5/4/2019,3,6,94,2750,112,92
5/5/2019,3,6,47,2995,119,92
5/6/2019,3,6,57,3414,121,96
5/7/2019,3,6,65,3017,110,96
5/8/2019,3,6,72,2572,105,93
5/9/2019,3,6,74,3410,111,94
5/10/2019,3,6,74,2848,107,93
5/11/2019,3,6,86,3328,124,95
5/12/2019,3,6,58,3361,105,93
5/13/2019,3,6,71,2910,113,95
5/14/2019,3,6,69,2928,117,91
5/15/2019,3,6,68,3209,120,92
5/16/2019,3,6,75,3429,115,94
5/17/2019,3,6,71,3168,117,91
5/18/2019,3,6,85,2533,108,92
5/19/2019,3,6,54,2952,107,96
5/20/2019,3,6,94,2924,119,97
5/21/2019,3,6,76,3468,103,97
5/22/2019,3,6,67,2858,103,91
5/23/2019,3,6,76,3077,102,91
5/24/2019,3,6,87,2642,106,92
5/25/2019,3,6,94,3057,107,93
5/26/2019,3,6,68,3030,108,92
5/27/2019,3,6,67,3276,108,94
5/28/2019,3,6,78,3125,123,95
5/29/2019,3,6,79,3356,108,97
5/30/2019,3,6,68,2850,124,96
5/31/2019,3,6,68,2811,120,91
6/1/2019,3,6,107,3417,125,93
6/2/2019,3,6,78,2742,102,93
6/3/2019,3,6,71,2617,117,91
6/4/2019,3,6,66,3494,102,92
6/5/2019,3,6,64,2640,114,92
6/6/2019,3,6,80,3133,113,95
6/7/2019,3,6,77,2950,110,95
6/8/2019,3,6,83,2848,121,95
6/9/2019,3,6,72,2776,103,92
6/10/2019,3,6,73,3305,106,94
6/11/2019,3,6,70,3115,113,95
6/12/2019,3,6,66,2829,112,92
6/13/2019,3,6,76,2940,110,96
6/14/2019,3,6,90,2924,101,92
6/15/2019,3,6,84,3118,118,94
6/16/2019,3,6,56,2642,104,93
6/17/2019,3,6,67,3010,110,97
6/18/2019,3,6,90,2598,124,92
6/19/2019,3,6,62,3414,121,92
6/20/2019,3,6,90,3339,119,97
6/21/2019,3,6,90,2549,101,93
6/22/2019,3,6,95,3241,122,93
6/23/2019,3,6,69,2973,120,97
6/24/2019,3,6,48,2762,122,96
6/25/2019,3,6,69,3123,101,93
6/26/2019,3,6,83,2776,124,91
6/27/2019,3,6,72,2754,122,96
6/28/2019,3,6,86,2532,119,93
6/29/2019,3,6,95,3285,109,94
6/30/2019,3,6,74,3268,108,96
7/1/2019,3,6,76,2914,111,94
7/2/2019,3,6,72,3334,109,91
7/3/2019,3,6,90,2531,105,95
7/4/2019,3,6,72,3030,119,93
7/5/2019,3,6,103,2931,122,91
7/6/2019,3,6,107,3149,104,93
7/7/2019,3,6,73,2510,112,94
7/8/2019,3,6,73,2992,119,97
7/9/2019,3,6,74,3109,114,91
7/10/2019,3,6,80,2769,124,96
7/11/2019,3,6,79,2601,103,97
7/12/2019,3,6,94,2926,115,95
7/13/2019,3,6,89,3111,115,93
7/14/2019,3,6,63,2975,107,91
7/15/2019,3,6,72,2602,114,91
7/16/2019,3,6,64,2983,117,94
7/17/2019,3,6,74,2894,101,97
7/18/2019,3,6,81,3033,116,92
7/19/2019,3,6,80,3465,118,95
7/20/2019,3,6,85,2619,101,91
7/21/2019,3,6,53,3073,111,92
7/22/2019,3,6,81,2858,111,92
7/23/2019,3,6,72,3342,117,93
7/24/2019,3,6,101,2626,109,92
7/25/2019,3,6,89,3370,125,93
7/26/2019,3,6,87,2885,120,94
7/27/2019,3,6,91,3257,119,91
7/28/2019,3,6,67,3171,104,92
7/29/2019,3,6,68,3379,101,92
7/30/2019,3,6,63,2658,118,92
7/31/2019,3,6,84,2706,118,94
8/1/2019,3,6,71,3209,107,94
8/2/2019,3,6,75,2781,103,94
8/3/2019,3,6,88,2932,101,95
8/4/2019,3,6,50,3442,102,95
8/5/2019,3,6,70,2675,103,91
8/6/2019,3,6,66,2646,111,92
8/7/2019,3,6,79,3006,104,94
8/8/2019,3,6,68,2593,120,93
8/9/2019,3,6,79,2872,101,97
8/10/2019,3,6,85,3233,123,91
8/11/2019,3,6,53,3493,104,96
8/12/2019,3,6,58,3440,125,95
8/13/2019,3,6,68,2897,112,96
8/14/2019,3,6,63,3478,113,97
8/15/2019,3,6,88,2604,110,97
8/16/2019,3,6,73,2765,122,94
8/17/2019,3,6,86,3494,104,93
8/18/2019,3,6,63,3058,105,94
8/19/2019,3,6,73,2832,107,92
8/20/2019,3,6,69,2650,113,97
8/21/2019,3,6,66,3237,116,91
8/22/2019,3,6,79,2914,122,91
8/23/2019,3,6,71,2763,107,94
8/24/2019,3,6,100,2691,119,92
8/25/2019,3,6,55,3438,124,93
8/26/2019,3,6,82,2762,104,96
8/27/2019,3,6,72,3354,124,91
8/28/2019,3,6,70,2544,124,96
8/29/2019,3,6,74,3326,124,92
8/30/2019,3,6,83,3266,108,95
8/31/2019,3,6,95,3472,102,92
9/1/2019,3,6,54,3488,103,94
9/2/2019,3,6,67,3233,101,92
9/3/2019,3,6,66,2566,120,91
9/4/2019,3,6,73,2698,119,97
9/5/2019,3,6,77,3026,123,91
9/6/2019,3,6,83,3204,124,96
9/7/2019,3,6,76,3338,125,95
9/8/2019,3,6,57,2568,106,96
9/9/2019,3,6,60,3133,116,93
9/10/2019,3,6,64,3199,125,94
9/11/2019,3,6,78,2848,112,93
9/12/2019,3,6,78,2888,108,93
9/13/2019,3,6,87,2882,120,91
9/14/2019,3,6,100,3178,125,91
9/15/2019,3,6,54,2755,113,93
9/16/2019,3,6,62,3227,113,97
9/17/2019,3,6,61,3468,123,92
9/18/2019,3,6,65,3079,115,97
9/19/2019,3,6,85,2744,108,91
9/20/2019,3,6,69,2597,122,91
9/21/2019,3,6,78,3017,105,94
9/22/2019,3,6,43,3125,105,95
9/23/2019,3,6,60,3159,123,92
9/24/2019,3,6,74,2562,107,97
9/25/2019,3,6,72,3111,106,91
9/26/2019,3,6,82,2849,103,95
9/27/2019,3,6,80,3416,112,96
9/28/2019,3,6,70,2586,103,93
9/29/2019,3,6,58,3469,123,92
9/30/2019,3,6,67,2822,113,91
10/1/2019,3,6,55,3408,122,92
10/2/2019,3,6,63,3391,125,96
10/3/2019,3,6,63,3368,123,92
10/4/2019,3,6,73,2941,122,95
10/5/2019,3,6,60,3391,116,97
10/6/2019,3,6,51,3113,124,92
10/7/2019,3,6,61,2687,121,92
10/8/2019,3,6,58,2666,106,96
10/9/2019,3,6,69,2612,113,96
10/10/2019,3,6,67,3252,109,92
10/11/2019,3,6,65,2742,121,97
10/12/2019,3,6,79,3404,125,91
10/13/2019,3,6,48,2814,106,91
10/14/2019,3,6,57,3347,115,97
10/15/2019,3,6,63,2885,123,95
10/16/2019,3,6,66,2538,110,91
10/17/2019,3,6,75,2553,118,92
10/18/2019,3,6,81,2936,114,92
10/19/2019,3,6,68,3220,118,97
10/20/2019,3,6,43,3425,105,96
10/21/2019,3,6,54,3213,119,92
10/22/2019,3,6,62,3145,118,91
10/23/2019,3,6,64,3149,115,95
10/24/2019,3,6,61,3333,103,97
10/25/2019,3,6,59,3411,117,97
10/26/2019,3,6,85,2631,116,92
10/27/2019,3,6,52,2617,104,91
10/28/2019,3,6,65,3284,103,93
10/29/2019,3,6,53,2873,108,93
10/30/2019,3,6,67,2961,117,91
10/31/2019,3,6,73,3080,107,94
11/1/2019,3,6,70,3059,102,96
11/2/2019,3,6,88,2600,121,96
11/3/2019,3,6,63,3294,114,91
11/4/2019,3,6,60,2944,108,93
11/5/2019,3,6,62,3033,116,92
11/6/2019,3,6,65,3141,123,94
11/7/2019,3,6,76,2688,125,93
11/8/2019,3,6,68,3009,114,95
11/9/2019,3,6,75,3322,113,95
11/10/2019,3,6,61,3415,109,93
11/11/2019,3,6,63,3047,116,97
11/12/2019,3,6,59,3186,120,95
11/13/2019,3,6,77,2678,125,91
11/14/2019,3,6,79,2694,110,92
11/15/2019,3,6,88,3211,107,93
11/16/2019,3,6,80,2530,115,96
11/17/2019,3,6,52,2752,123,96
11/18/2019,3,6,63,3152,123,91
11/19/2019,3,6,55,3072,121,97
11/20/2019,3,6,64,3251,124,93
11/21/2019,3,6,65,2796,123,97
11/22/2019,3,6,66,2505,123,94
11/23/2019,3,6,71,3489,102,96
11/24/2019,3,6,65,2751,105,93
11/25/2019,3,6,60,2902,110,92
11/26/2019,3,6,64,3154,118,93
11/27/2019,3,6,67,2590,116,92
11/28/2019,3,6,69,3254,101,91
11/29/2019,3,6,73,3205,110,93
11/30/2019,3,6,73,2945,102,93
12/1/2019,3,6,35,2853,107,93
12/2/2019,3,6,44,3396,102,94
12/3/2019,3,6,44,2859,110,92
12/4/2019,3,6,50,2523,114,94
12/5/2019,3,6,41,2586,119,93
12/6/2019,3,6,49,2838,114,94
12/7/2019,3,6,61,3373,106,97
12/8/2019,3,6,35,3090,114,96
12/9/2019,3,6,49,2711,108,94
12/10/2019,3,6,45,3483,125,91
12/11/2019,3,6,49,2515,123,92
12/12/2019,3,6,62,3479,118,93
12/13/2019,3,6,54,2674,117,94
12/14/2019,3,6,65,2984,107,92
12/15/2019,3,6,29,3277,105,94
12/16/2019,3,6,41,3357,111,93
12/17/2019,3,6,44,3394,113,97
12/18/2019,3,6,44,3379,124,93
12/19/2019,3,6,45,2781,117,96
12/20/2019,3,6,69,2921,121,95
12/21/2019,3,6,68,2855,107,92
12/22/2019,3,6,35,2510,123,91
12/23/2019,3,6,40,3222,104,97
12/24/2019,3,6,52,3014,118,92
12/25/2019,3,6,49,3094,112,94
12/26/2019,3,6,50,3242,124,93
12/27/2019,3,6,52,2749,104,92
12/28/2019,3,6,55,3062,119,93
12/29/2019,3,6,46,3210,113,94
12/30/2019,3,6,42,3160,103,93
12/31/2019,3,6,40,2821,104,91
1/1/2020,3,6,53,2957,107,97
1/2/2020,3,6,53,3487,124,97
1/3/2020,3,6,49,2675,119,95
1/4/2020,3,6,49,3141,121,91
1/5/2020,3,6,34,3072,115,97
1/6/2020,3,6,38,3109,121,95
1/7/2020,3,6,33,3400,105,96
1/8/2020,3,6,45,3399,113,94
1/9/2020,3,6,52,3156,107,95
1/10/2020,3,6,52,3430,114,96
1/11/2020,3,6,55,2887,119,92
1/12/2020,3,6,27,3244,111,95
1/13/2020,3,6,51,3219,107,93
1/14/2020,3,6,36,3412,118,95
1/15/2020,3,6,45,3458,125,92
1/16/2020,3,6,38,3181,125,91
1/17/2020,3,6,69,2558,112,96
1/18/2020,3,6,57,2716,109,97
1/19/2020,3,6,36,3498,107,95
1/20/2020,3,6,42,3195,119,95
1/21/2020,3,6,41,2873,119,97
1/22/2020,3,6,46,2894,113,92
1/23/2020,3,6,50,2631,117,95
1/24/2020,3,6,41,3204,111,95
1/25/2020,3,6,48,2560,119,97
1/26/2020,3,6,36,2629,118,97
1/27/2020,3,6,49,2770,118,94
1/28/2020,3,6,41,3334,108,95
1/29/2020,3,6,36,2887,114,92
1/30/2020,3,6,38,3294,123,97
1/31/2020,3,6,57,3079,112,93
2/1/2020,3,6,64,2712,120,97
2/2/2020,3,6,43,2746,117,97
2/3/2020,3,6,48,3370,106,92
2/4/2020,3,6,50,2811,108,97
2/5/2020,3,6,56,2885,119,96
2/6/2020,3,6,60,2738,118,94
2/7/2020,3,6,46,2638,106,97
2/8/2020,3,6,54,3207,125,92
2/9/2020,3,6,47,2707,115,92
2/10/2020,3,6,44,3344,104,95
2/11/2020,3,6,54,3270,110,95
2/12/2020,3,6,54,2699,122,91
2/13/2020,3,6,50,2643,119,93
2/14/2020,3,6,57,3250,125,95
2/15/2020,3,6,70,2754,102,93
2/16/2020,3,6,50,2792,104,91
2/17/2020,3,6,54,3431,117,93
2/18/2020,3,6,37,2627,114,95
2/19/2020,3,6,44,2702,101,94
2/20/2020,3,6,54,2733,121,95
2/21/2020,3,6,71,2815,112,94
2/22/2020,3,6,72,3082,102,93
2/23/2020,3,6,43,2563,112,92
2/24/2020,3,6,40,2887,106,96
2/25/2020,3,6,48,2757,122,93
2/26/2020,3,6,54,2921,102,94
2/27/2020,3,6,79,3165,114,97
2/28/2020,3,6,46,3218,125,95
3/1/2020,3,6,85,3094,102,97
3/2/2020,3,6,52,3252,124,95
3/3/2020,3,6,52,3131,110,92
3/4/2020,3,6,58,3430,107,96
3/5/2020,3,6,62,2507,103,95
3/6/2020,3,6,74,3182,106,92
3/7/2020,3,6,73,2656,125,92
3/8/2020,3,6,68,2511,101,92
3/9/2020,3,6,57,3012,124,95
3/10/2020,3,6,70,2661,103,96
3/11/2020,3,6,69,3462,122,91
3/12/2020,3,6,61,3091,120,97
3/13/2020,3,6,57,3009,113,96
3/14/2020,3,6,58,2566,118,91
3/15/2020,3,6,86,2836,106,97
3/16/2020,3,6,50,2548,116,91
3/17/2020,3,6,51,2684,117,91
3/18/2020,3,6,56,3181,119,91
3/19/2020,3,6,55,3381,103,92
3/20/2020,3,6,68,2830,124,95
3/21/2020,3,6,69,2976,121,97
3/22/2020,3,6,96,2671,119,91
3/23/2020,3,6,50,3472,119,95
3/24/2020,3,6,47,3425,110,95
3/25/2020,3,6,47,2888,120,92
3/26/2020,3,6,54,2783,104,94
3/27/2020,3,6,69,3328,106,95
3/28/2020,3,6,65,3179,104,91
3/29/2020,3,6,90,2774,117,92
3/30/2020,3,6,39,2800,124,91
3/31/2020,3,6,51,2880,121,96
4/1/2020,3,6,63,3145,106,95
4/2/2020,3,6,70,2507,112,96
4/3/2020,3,6,70,2915,122,95
4/4/2020,3,6,92,2929,104,92
4/5/2020,3,6,92,3076,122,97
4/6/2020,3,6,58,2953,105,96
4/7/2020,3,6,68,2942,108,93
4/8/2020,3,6,66,3267,104,94
4/9/2020,3,6,68,2788,104,91
4/10/2020,3,6,79,3001,125,92
4/11/2020,3,6,80,2957,117,91
4/12/2020,3,6,90,3059,118,96
4/13/2020,3,6,55,3023,104,91
4/14/2020,3,6,69,3475,106,96
4/15/2020,3,6,70,2893,112,97
4/16/2020,3,6,66,2627,116,95
4/17/2020,3,6,74,3405,107,92
4/18/2020,3,6,80,3023,120,93
4/19/2020,3,6,66,2624,115,93
4/20/2020,3,6,62,2501,111,97
4/21/2020,3,6,64,2834,118,96
4/22/2020,3,6,69,3190,110,95
4/23/2020,3,6,71,3318,105,94
4/24/2020,3,6,75,2512,111,91
4/25/2020,3,6,88,3137,117,95
4/26/2020,3,6,100,2946,122,94
4/27/2020,3,6,61,2767,109,92
4/28/2020,3,6,57,3303,103,92
4/29/2020,3,6,66,3494,104,95
4/30/2020,3,6,68,2949,101,94
5/1/2020,3,6,96,3254,104,93
5/2/2020,3,6,100,3414,122,93
5/3/2020,3,6,94,3405,123,91
5/4/2020,3,6,62,3228,109,93
5/5/2020,3,6,58,3026,124,91
5/6/2020,3,6,64,2860,101,92
5/7/2020,3,6,75,3079,123,94
5/8/2020,3,6,80,3171,106,91
5/9/2020,3,6,101,2797,108,96
5/10/2020,3,6,115,2863,109,97
5/11/2020,3,6,58,2747,102,94
5/12/2020,3,6,85,2577,125,93
5/13/2020,3,6,85,3414,112,91
5/14/2020,3,6,59,3053,110,95
5/15/2020,3,6,84,3493,122,96
5/16/2020,3,6,90,2912,103,93
5/17/2020,3,6,97,3481,107,96
5/18/2020,3,6,64,3005,104,92
5/19/2020,3,6,64,2743,120,97
5/20/2020,3,6,62,3392,114,93
5/21/2020,3,6,75,2527,107,97
5/22/2020,3,6,81,3040,103,92
5/23/2020,3,6,81,3449,117,95
5/24/2020,3,6,77,2734,109,93
5/25/2020,3,6,64,3478,106,93
5/26/2020,3,6,74,3333,111,95
5/27/2020,3,6,61,2675,122,95
5/28/2020,3,6,64,3452,113,96
5/29/2020,3,6,80,2885,112,93
5/30/2020,3,6,82,3265,115,94
5/31/2020,3,6,107,3393,117,96
6/1/2020,3,6,61,2818,118,92
6/2/2020,3,6,80,2845,116,97
6/3/2020,3,6,66,3158,116,93
6/4/2020,3,6,82,3071,101,94
6/5/2020,3,6,78,3129,114,97
6/6/2020,3,6,88,3469,119,95
6/7/2020,3,6,87,2722,125,91
6/8/2020,3,6,51,2657,120,96
6/9/2020,3,6,85,2509,117,92
6/10/2020,3,6,72,2503,105,95
6/11/2020,3,6,82,2530,102,94
6/12/2020,3,6,81,2708,105,97
6/13/2020,3,6,100,2969,113,91
6/14/2020,3,6,95,2766,117,96
6/15/2020,3,6,75,3087,103,91
6/16/2020,3,6,86,3429,120,93
6/17/2020,3,6,65,2534,119,97
6/18/2020,3,6,93,2584,103,95
6/19/2020,3,6,83,2758,112,91
6/20/2020,3,6,84,3058,124,93
6/21/2020,3,6,84,3040,125,96
6/22/2020,3,6,67,2608,123,92
6/23/2020,3,6,87,3300,106,95
6/24/2020,3,6,76,2834,123,97
6/25/2020,3,6,81,2520,104,91
6/26/2020,3,6,74,3349,121,96
6/27/2020,3,6,65,3129,105,92
6/28/2020,3,6,93,2863,116,96
6/29/2020,3,6,76,2819,116,96
6/30/2020,3,6,72,2843,124,92
7/1/2020,3,6,75,3390,125,95
7/2/2020,3,6,80,2504,102,94
7/3/2020,3,6,94,2948,114,93
7/4/2020,3,6,108,3216,101,94
7/5/2020,3,6,90,3037,115,92
7/6/2020,3,6,79,3295,124,95
7/7/2020,3,6,90,3169,120,95
7/8/2020,3,6,74,2662,110,93
7/9/2020,3,6,95,3011,102,94
7/10/2020,3,6,84,3126,125,95
7/11/2020,3,6,107,3027,110,91
7/12/2020,3,6,119,2869,125,92
7/13/2020,3,6,56,2570,112,91
7/14/2020,3,6,71,2536,110,94
7/15/2020,3,6,72,2537,110,96
7/16/2020,3,6,90,2797,110,97
7/17/2020,3,6,74,2736,107,92
7/18/2020,3,6,107,2961,108,96
7/19/2020,3,6,109,2671,116,96
7/20/2020,3,6,64,2538,125,94
7/21/2020,3,6,89,3290,108,94
7/22/2020,3,6,88,2631,119,92
7/23/2020,3,6,85,3405,123,96
7/24/2020,3,6,85,3446,102,95
7/25/2020,3,6,106,3040,110,95
7/26/2020,3,6,100,3393,116,94
7/27/2020,3,6,71,3169,122,95
7/28/2020,3,6,82,3284,113,97
7/29/2020,3,6,75,3338,109,97
7/30/2020,3,6,80,3277,116,97
7/31/2020,3,6,98,3016,111,93
8/1/2020,3,6,81,3230,122,92
8/2/2020,3,6,82,2865,125,92
8/3/2020,3,6,56,3064,119,93
8/4/2020,3,6,62,2942,109,96
8/5/2020,3,6,69,3418,112,96
8/6/2020,3,6,79,3389,119,97
8/7/2020,3,6,80,2763,101,93
8/8/2020,3,6,86,2735,107,93
8/9/2020,3,6,102,2597,119,91
8/10/2020,3,6,60,2915,101,91
8/11/2020,3,6,74,2569,112,93
8/12/2020,3,6,62,3447,118,97
8/13/2020,3,6,67,3014,101,92
8/14/2020,3,6,75,3303,105,92
8/15/2020,3,6,83,3220,113,92
8/16/2020,3,6,100,2770,125,94
8/17/2020,3,6,53,2834,108,95
8/18/2020,3,6,57,2932,108,93
8/19/2020,3,6,68,3025,117,92
8/20/2020,3,6,71,2971,101,91
8/21/2020,3,6,91,2546,110,96
8/22/2020,3,6,74,3281,122,92
8/23/2020,3,6,118,3287,101,91
8/24/2020,3,6,56,3148,103,97
8/25/2020,3,6,69,2847,104,91
8/26/2020,3,6,73,3208,120,97
8/27/2020,3,6,83,2611,113,94
8/28/2020,3,6,88,3374,106,94
8/29/2020,3,6,90,3458,103,96
8/30/2020,3,6,83,2577,118,97
8/31/2020,3,6,61,3095,104,94
9/1/2020,3,6,69,3310,111,91
9/2/2020,3,6,59,3335,110,96
9/3/2020,3,6,73,2773,120,92
9/4/2020,3,6,87,2515,103,97
9/5/2020,3,6,83,3291,115,92
9/6/2020,3,6,87,3045,110,92
9/7/2020,3,6,51,3365,101,94
9/8/2020,3,6,55,3453,123,95
9/9/2020,3,6,61,3424,121,96
9/10/2020,3,6,86,2614,106,92
9/11/2020,3,6,76,3197,110,97
9/12/2020,3,6,78,2618,103,91
9/13/2020,3,6,81,3199,125,91
9/14/2020,3,6,56,3477,114,96
9/15/2020,3,6,54,2799,112,92
9/16/2020,3,6,56,3479,107,96
9/17/2020,3,6,64,3262,115,91
9/18/2020,3,6,89,2955,120,92
9/19/2020,3,6,85,3125,114,92
9/20/2020,3,6,89,3059,121,93
9/21/2020,3,6,57,2925,123,91
9/22/2020,3,6,65,3272,119,91
9/23/2020,3,6,60,3315,124,93
9/24/2020,3,6,68,2938,113,93
9/25/2020,3,6,87,2646,103,96
9/26/2020,3,6,84,2572,119,95
9/27/2020,3,6,78,2656,108,96
9/28/2020,3,6,56,2571,123,92
9/29/2020,3,6,53,3426,122,96
9/30/2020,3,6,79,2568,119,91
10/1/2020,3,6,53,3097,101,91
10/2/2020,3,6,70,2522,119,97
10/3/2020,3,6,74,3338,114,95
10/4/2020,3,6,85,3427,107,94
10/5/2020,3,6,43,2658,117,97
10/6/2020,3,6,60,3467,112,95
10/7/2020,3,6,62,3124,122,96
10/8/2020,3,6,79,2803,107,97
10/9/2020,3,6,58,3235,123,97
10/10/2020,3,6,67,3413,114,95
10/11/2020,3,6,61,2614,112,95
10/12/2020,3,6,48,2702,112,91
10/13/2020,3,6,67,2654,102,94
10/14/2020,3,6,67,2913,112,97
10/15/2020,3,6,75,2530,104,94
10/16/2020,3,6,57,2602,112,92
10/17/2020,3,6,71,3336,111,91
10/18/2020,3,6,77,3486,113,93
10/19/2020,3,6,52,2552,106,96
10/20/2020,3,6,71,3494,120,93
10/21/2020,3,6,54,2770,104,97
10/22/2020,3,6,70,3465,103,91
10/23/2020,3,6,61,2899,101,93
10/24/2020,3,6,79,2573,106,94
10/25/2020,3,6,99,3250,107,93
10/26/2020,3,6,52,2970,117,92
10/27/2020,3,6,58,3196,119,93
10/28/2020,3,6,59,3353,108,94
10/29/2020,3,6,65,3051,110,94
10/30/2020,3,6,80,3195,114,97
10/31/2020,3,6,81,3320,111,96
11/1/2020,3,6,79,2788,104,96
11/2/2020,3,6,54,2593,108,91
11/3/2020,3,6,56,2837,110,96
11/4/2020,3,6,66,2574,111,93
11/5/2020,3,6,76,2690,122,92
11/6/2020,3,6,87,3304,120,95
11/7/2020,3,6,78,2649,104,94
11/8/2020,3,6,80,2974,123,95
11/9/2020,3,6,49,2608,124,95
11/10/2020,3,6,82,3311,121,93
11/11/2020,3,6,71,3262,123,97
11/12/2020,3,6,73,3289,107,93
11/13/2020,3,6,68,2956,123,91
11/14/2020,3,6,79,2836,119,91
11/15/2020,3,6,97,3137,122,95
11/16/2020,3,6,54,2902,101,92
11/17/2020,3,6,80,2541,118,96
11/18/2020,3,6,80,3126,105,96
11/19/2020,3,6,72,3121,123,95
11/20/2020,3,6,66,3402,104,94
11/21/2020,3,6,76,2841,102,93
11/22/2020,3,6,89,3487,124,96
11/23/2020,3,6,49,2944,120,93
11/24/2020,3,6,68,2966,108,91
11/25/2020,3,6,64,3439,101,96
11/26/2020,3,6,64,3232,116,97
11/27/2020,3,6,81,3208,125,95
11/28/2020,3,6,71,3319,109,91
11/29/2020,3,6,88,3343,110,93
11/30/2020,3,6,65,2558,122,94
12/1/2020,3,6,50,2660,105,93
12/2/2020,3,6,51,2903,106,92
12/3/2020,3,6,43,2589,101,96
12/4/2020,3,6,49,2565,101,95
12/5/2020,3,6,54,2993,106,92
12/6/2020,3,6,52,2713,104,96
12/7/2020,3,6,40,3416,124,95
12/8/2020,3,6,58,2947,124,96
12/9/2020,3,6,49,3206,107,96
12/10/2020,3,6,39,2720,121,92
12/11/2020,3,6,59,3090,107,94
12/12/2020,3,6,73,2505,110,96
12/13/2020,3,6,68,3321,112,93
12/14/2020,3,6,40,2632,124,93
12/15/2020,3,6,40,3358,124,91
12/16/2020,3,6,43,2783,105,96
12/17/2020,3,6,49,3332,118,95
12/18/2020,3,6,53,2973,101,97
12/19/2020,3,6,51,3031,112,97
12/20/2020,3,6,47,2667,123,93
12/21/2020,3,6,33,3468,121,96
12/22/2020,3,6,43,3048,105,91
12/23/2020,3,6,61,3424,108,96
12/24/2020,3,6,45,3072,118,96
12/25/2020,3,6,56,3256,105,95
12/26/2020,3,6,66,2769,121,97
12/27/2020,3,6,48,3082,105,96
12/28/2020,3,6,49,2695,119,92
12/29/2020,3,6,55,2843,108,91
12/30/2020,3,6,43,3034,105,92
12/31/2020,3,6,52,3314,123,92
1/1/2021,3,6,46,2771,105,94
1/2/2021,3,6,55,3137,110,91
1/3/2021,3,6,70,2559,121,92
1/4/2021,3,6,41,2779,113,92
1/5/2021,3,6,37,2659,123,91
1/6/2021,3,6,40,2821,104,95
1/7/2021,3,6,44,2853,112,94
1/8/2021,3,6,57,3087,105,95
1/9/2021,3,6,58,2927,116,93
1/10/2021,3,6,58,3070,124,96
1/11/2021,3,6,39,2591,103,92
1/12/2021,3,6,49,2767,107,93
1/13/2021,3,6,47,3332,113,93
1/14/2021,3,6,40,2990,122,96
1/15/2021,3,6,54,2889,108,91
1/16/2021,3,6,56,3054,120,93
1/17/2021,3,6,56,3287,116,92
1/18/2021,3,6,40,2938,121,96
1/19/2021,3,6,43,2746,108,97
1/20/2021,3,6,43,2839,102,92
1/21/2021,3,6,52,2842,114,96
1/22/2021,3,6,45,2505,111,95
1/23/2021,3,6,51,3335,120,95
1/24/2021,3,6,58,3353,113,96
1/25/2021,3,6,29,2996,108,93
1/26/2021,3,6,50,3221,106,95
1/27/2021,3,6,41,2555,104,95
1/28/2021,3,6,40,2798,114,94
1/29/2021,3,6,61,3158,101,96
1/30/2021,3,6,46,3301,125,91
1/31/2021,3,6,61,3300,111,91
2/1/2021,3,6,42,2941,104,92
2/2/2021,3,6,42,3303,113,92
2/3/2021,3,6,68,2604,123,95
2/4/2021,3,6,49,2802,107,96
2/5/2021,3,6,55,3027,118,93
2/6/2021,3,6,63,2680,110,93
2/7/2021,3,6,45,2626,125,92
2/8/2021,3,6,51,3290,115,95
2/9/2021,3,6,49,3478,112,97
2/10/2021,3,6,59,2738,104,91
2/11/2021,3,6,52,2941,105,93
2/12/2021,3,6,65,3447,102,94
2/13/2021,3,6,71,3355,106,96
2/14/2021,3,6,55,2563,106,92
2/15/2021,3,6,33,2952,103,92
2/16/2021,3,6,54,3479,109,96
2/17/2021,3,6,56,2959,114,92
2/18/2021,3,6,53,3287,103,95
2/19/2021,3,6,53,3037,112,97
2/20/2021,3,6,73,3082,116,94
2/21/2021,3,6,74,2542,117,95
2/22/2021,3,6,46,2860,107,97
2/23/2021,3,6,44,2544,124,94
2/24/2021,3,6,46,3475,112,95
2/25/2021,3,6,53,2546,124,96
2/26/2021,3,6,64,2955,120,92
2/27/2021,3,6,55,2744,111,94
2/28/2021,3,6,70,3418,117,93
2/29/2021,3,6,35,3500,110,95
3/1/2021,3,6,66,2671,125,95
3/2/2021,3,6,69,3439,124,92
3/3/2021,3,6,72,2669,112,95
3/4/2021,3,6,68,2625,107,97
3/5/2021,3,6,71,2598,108,93
3/6/2021,3,6,93,2761,106,92
3/7/2021,3,6,49,2957,101,94
3/8/2021,3,6,58,3160,109,91
3/9/2021,3,6,52,3214,114,94
3/10/2021,3,6,54,3125,125,94
3/11/2021,3,6,87,3260,116,93
3/12/2021,3,6,66,2769,111,96
3/13/2021,3,6,80,2688,121,94
3/14/2021,3,6,60,3074,123,95
3/15/2021,3,6,49,3350,101,94
3/16/2021,3,6,47,2681,117,96
3/17/2021,3,6,69,2580,118,91
3/18/2021,3,6,78,3318,118,93
3/19/2021,3,6,85,2792,122,97
3/20/2021,3,6,77,3359,112,96
3/21/2021,3,6,57,3075,112,93
3/22/2021,3,6,69,3108,111,93
3/23/2021,3,6,78,2690,106,97
3/24/2021,3,6,66,2577,122,95
3/25/2021,3,6,58,2860,104,94
3/26/2021,3,6,84,3495,118,94
3/27/2021,3,6,95,2678,109,93
3/28/2021,3,6,59,3187,111,93
3/29/2021,3,6,71,3363,119,91
3/30/2021,3,6,65,2642,118,97
3/31/2021,3,6,69,2982,112,94
4/1/2021,3,6,90,2607,123,96
4/2/2021,3,6,95,2873,105,92
4/3/2021,3,6,87,3168,112,93
4/4/2021,3,6,51,2965,101,91
4/5/2021,3,6,61,3167,110,94
4/6/2021,3,6,58,2675,124,93
4/7/2021,3,6,77,2782,123,94
4/8/2021,3,6,87,2635,114,92
4/9/2021,3,6,88,3011,120,96
4/10/2021,3,6,88,2772,111,91
4/11/2021,3,6,53,2997,114,91
4/12/2021,3,6,66,3174,120,96
4/13/2021,3,6,67,2643,108,93
4/14/2021,3,6,72,3259,120,96
4/15/2021,3,6,79,3357,104,95
4/16/2021,3,6,95,2717,115,92
4/17/2021,3,6,84,3311,109,96
4/18/2021,3,6,59,3263,105,91
4/19/2021,3,6,90,2969,118,95
4/20/2021,3,6,61,2604,112,92
4/21/2021,3,6,83,3059,106,96
4/22/2021,3,6,75,2572,122,93
4/23/2021,3,6,77,3326,123,96
4/24/2021,3,6,83,3037,112,93
4/25/2021,3,6,57,3457,112,97
4/26/2021,3,6,80,2541,101,96
4/27/2021,3,6,71,3412,107,96
4/28/2021,3,6,67,2694,116,93
4/29/2021,3,6,87,2562,117,93
4/30/2021,3,6,104,3158,113,97
5/1/2021,3,6,94,2900,124,96
5/2/2021,3,6,61,2704,125,91
5/3/2021,3,6,79,2994,105,92
5/4/2021,3,6,77,2631,115,96
5/5/2021,3,6,89,3383,105,95
5/6/2021,3,6,76,3287,101,94
5/7/2021,3,6,91,2585,107,94
5/8/2021,3,6,86,2644,118,97
5/9/2021,3,6,74,2980,109,95
5/10/2021,3,6,87,3441,105,92
5/11/2021,3,6,81,2969,117,95
5/12/2021,3,6,85,3398,112,92
5/13/2021,3,6,92,3468,111,94
5/14/2021,3,6,100,2594,110,96
5/15/2021,3,6,105,3208,117,97
5/16/2021,3,6,66,3477,116,91
5/17/2021,3,6,73,3446,120,94
5/18/2021,3,6,71,2522,111,97
5/19/2021,3,6,89,3091,124,94
5/20/2021,3,6,82,2748,123,96
5/21/2021,3,6,77,2563,114,97
5/22/2021,3,6,85,2876,109,91
5/23/2021,3,6,85,2879,103,92
5/24/2021,3,6,79,3315,120,97
5/25/2021,3,6,68,2670,112,92
5/26/2021,3,6,82,3447,121,94
5/27/2021,3,6,80,3110,114,95
5/28/2021,3,6,87,2693,111,95
5/29/2021,3,6,88,3480,113,94
5/30/2021,3,6,70,2701,102,96
5/31/2021,3,6,71,3500,108,97
6/1/2021,3,6,86,2701,102,94
6/2/2021,3,6,97,3347,108,93
6/3/2021,3,6,103,2639,122,96
6/4/2021,3,6,79,3017,123,97
6/5/2021,3,6,110,2589,116,94
6/6/2021,3,6,78,3021,120,96
6/7/2021,3,6,78,3438,110,91
6/8/2021,3,6,85,3238,116,91
6/9/2021,3,6,92,2649,122,95
6/10/2021,3,6,93,3308,107,94
6/11/2021,3,6,82,2573,114,96
6/12/2021,3,6,113,2869,123,94
6/13/2021,3,6,75,3430,123,96
6/14/2021,3,6,69,3442,118,96
6/15/2021,3,6,77,2640,108,96
6/16/2021,3,6,81,2565,123,97
6/17/2021,3,6,96,3376,106,97
6/18/2021,3,6,94,2664,103,97
6/19/2021,3,6,94,2635,111,91
6/20/2021,3,6,70,3404,104,91
6/21/2021,3,6,88,2528,114,92
6/22/2021,3,6,83,3410,114,97
6/23/2021,3,6,85,2981,122,97
6/24/2021,3,6,89,2919,117,94
6/25/2021,3,6,99,2740,118,93
6/26/2021,3,6,111,3074,105,95
6/27/2021,3,6,67,3479,115,96
6/28/2021,3,6,85,3229,118,95
6/29/2021,3,6,83,2835,103,93
6/30/2021,3,6,72,2551,104,94
7/1/2021,3,6,107,3247,117,92
7/2/2021,3,6,110,3447,113,93
7/3/2021,3,6,124,3389,110,97
7/4/2021,3,6,84,3439,113,97
7/5/2021,3,6,94,3105,115,95
7/6/2021,3,6,72,3399,107,92
7/7/2021,3,6,92,2687,117,96
7/8/2021,3,6,108,3438,111,95
7/9/2021,3,6,107,2704,109,96
7/10/2021,3,6,95,2500,120,94
7/11/2021,3,6,71,2600,112,93
7/12/2021,3,6,76,3141,119,96
7/13/2021,3,6,87,3129,102,95
7/14/2021,3,6,99,3387,108,95
7/15/2021,3,6,93,3205,106,97
7/16/2021,3,6,100,3196,103,94
7/17/2021,3,6,121,2991,109,92
7/18/2021,3,6,64,3390,114,91
7/19/2021,3,6,85,3319,111,95
7/20/2021,3,6,89,2603,104,97
7/21/2021,3,6,91,3070,116,93
7/22/2021,3,6,102,2905,110,91
7/23/2021,3,6,92,2617,122,94
7/24/2021,3,6,115,2550,116,92
7/25/2021,3,6,71,2593,124,97
7/26/2021,3,6,95,2830,116,97
7/27/2021,3,6,97,3424,121,92
7/28/2021,3,6,101,2715,121,96
7/29/2021,3,6,79,3330,116,93
7/30/2021,3,6,123,3180,104,95
7/31/2021,3,6,114,2706,109,91
8/1/2021,3,6,68,2604,121,97
8/2/2021,3,6,82,2551,118,95
8/3/2021,3,6,71,2855,107,97
8/4/2021,3,6,81,2589,121,92
8/5/2021,3,6,95,3189,113,92
8/6/2021,3,6,101,2688,114,91
8/7/2021,3,6,94,2814,119,97
8/8/2021,3,6,65,3192,120,97
8/9/2021,3,6,73,2692,111,95
8/10/2021,3,6,82,3473,125,96
8/11/2021,3,6,94,2934,123,93
8/12/2021,3,6,92,3114,117,93
8/13/2021,3,6,94,3134,119,94
8/14/2021,3,6,116,3199,121,94
8/15/2021,3,6,64,2699,110,95
8/16/2021,3,6,85,3212,124,92
8/17/2021,3,6,76,3190,123,96
8/18/2021,3,6,89,2922,120,92
8/19/2021,3,6,71,2831,106,92
8/20/2021,3,6,88,3387,123,94
8/21/2021,3,6,87,3168,119,96
8/22/2021,3,6,62,3394,102,96
8/23/2021,3,6,79,3175,106,96
8/24/2021,3,6,89,3034,112,97
8/25/2021,3,6,85,2608,102,96
8/26/2021,3,6,91,3364,124,91
8/27/2021,3,6,88,2693,101,94
8/28/2021,3,6,102,3111,124,97
8/29/2021,3,6,66,2701,107,92
8/30/2021,3,6,82,2668,120,93
8/31/2021,3,6,84,3093,124,97
9/1/2021,3,6,62,2666,106,96
9/2/2021,3,6,85,2548,118,97
9/3/2021,3,6,82,2735,114,97
9/4/2021,3,6,99,2743,111,96
9/5/2021,3,6,64,3158,125,91
9/6/2021,3,6,84,3314,110,96
9/7/2021,3,6,72,2770,118,91
9/8/2021,3,6,74,3096,123,95
9/9/2021,3,6,88,2720,111,92
9/10/2021,3,6,92,3048,120,91
9/11/2021,3,6,94,3128,116,94
9/12/2021,3,6,68,2581,122,96
9/13/2021,3,6,77,3467,107,97
9/14/2021,3,6,72,3017,111,91
9/15/2021,3,6,63,3347,123,93
9/16/2021,3,6,90,3431,102,96
9/17/2021,3,6,87,2705,111,92
9/18/2021,3,6,88,2699,107,91
9/19/2021,3,6,62,3487,107,95
9/20/2021,3,6,79,2962,116,91
9/21/2021,3,6,78,2614,103,95
9/22/2021,3,6,78,3286,110,93
9/23/2021,3,6,73,3328,120,93
9/24/2021,3,6,84,2769,119,96
9/25/2021,3,6,97,3134,124,97
9/26/2021,3,6,54,3117,123,97
9/27/2021,3,6,67,3030,102,95
9/28/2021,3,6,51,2593,109,92
9/29/2021,3,6,67,2528,104,97
9/30/2021,3,6,89,3327,118,96
10/1/2021,3,6,93,3038,101,93
10/2/2021,3,6,92,3125,106,94
10/3/2021,3,6,58,2987,103,93
10/4/2021,3,6,59,2573,105,94
10/5/2021,3,6,72,3448,108,95
10/6/2021,3,6,70,3163,111,97
10/7/2021,3,6,85,3232,114,97
10/8/2021,3,6,88,3377,108,96
10/9/2021,3,6,93,3369,125,97
10/10/2021,3,6,52,3282,101,97
10/11/2021,3,6,73,2591,121,93
10/12/2021,3,6,65,2924,110,93
10/13/2021,3,6,58,2779,122,91
10/14/2021,3,6,74,2623,120,97
10/15/2021,3,6,100,3080,109,97
10/16/2021,3,6,105,3365,102,94
10/17/2021,3,6,44,3223,120,93
10/18/2021,3,6,65,3382,106,92
10/19/2021,3,6,70,3293,106,96
10/20/2021,3,6,82,2834,110,91
10/21/2021,3,6,73,3171,125,94
10/22/2021,3,6,65,3496,116,94
10/23/2021,3,6,93,2764,124,92
10/24/2021,3,6,54,2543,115,91
10/25/2021,3,6,57,3303,105,97
10/26/2021,3,6,70,3228,110,96
10/27/2021,3,6,74,2906,101,95
10/28/2021,3,6,78,2656,106,97
10/29/2021,3,6,89,2831,112,92
10/30/2021,3,6,85,3359,123,91
10/31/2021,3,6,62,2747,122,96
11/1/2021,3,6,68,3352,104,92
11/2/2021,3,6,77,2619,103,91
11/3/2021,3,6,84,2690,122,94
11/4/2021,3,6,83,2774,117,91
11/5/2021,3,6,102,2894,122,92
11/6/2021,3,6,105,3324,101,93
11/7/2021,3,6,53,2782,123,94
11/8/2021,3,6,80,3366,115,94
11/9/2021,3,6,61,2857,118,95
11/10/2021,3,6,85,3435,118,94
11/11/2021,3,6,70,2533,106,96
11/12/2021,3,6,72,3470,122,91
11/13/2021,3,6,89,2507,118,93
11/14/2021,3,6,65,2959,109,94
11/15/2021,3,6,64,3199,123,96
11/16/2021,3,6,68,3395,104,91
11/17/2021,3,6,76,2952,114,94
11/18/2021,3,6,76,3044,122,94
11/19/2021,3,6,103,3187,116,94
11/20/2021,3,6,90,3174,105,91
11/21/2021,3,6,59,2882,113,97
11/22/2021,3,6,53,2934,104,92
11/23/2021,3,6,76,3457,112,91
11/24/2021,3,6,60,3297,107,91
11/25/2021,3,6,75,3008,104,91
11/26/2021,3,6,82,3124,106,96
11/27/2021,3,6,93,2674,116,94
11/28/2021,3,6,52,3418,110,92
11/29/2021,3,6,71,3054,108,92
11/30/2021,3,6,77,3410,115,95
12/1/2021,3,6,37,2765,119,96
12/2/2021,3,6,65,3114,119,96
12/3/2021,3,6,54,3378,110,95
12/4/2021,3,6,60,2571,121,91
12/5/2021,3,6,37,2926,125,92
12/6/2021,3,6,55,3366,111,91
12/7/2021,3,6,64,2998,125,96
12/8/2021,3,6,60,3187,122,91
12/9/2021,3,6,56,2571,114,96
12/10/2021,3,6,50,3227,106,93
12/11/2021,3,6,69,3393,101,97
12/12/2021,3,6,46,3349,112,93
12/13/2021,3,6,62,2823,122,95
12/14/2021,3,6,54,3402,105,95
12/15/2021,3,6,56,2900,112,93
12/16/2021,3,6,57,2864,105,92
12/17/2021,3,6,55,2854,123,92
12/18/2021,3,6,65,2870,119,93
12/19/2021,3,6,36,2562,107,93
12/20/2021,3,6,48,2724,105,97
12/21/2021,3,6,41,2763,114,91
12/22/2021,3,6,39,2809,105,96
12/23/2021,3,6,55,3352,106,92
12/24/2021,3,6,56,3227,120,92
12/25/2021,3,6,42,3022,121,92
12/26/2021,3,6,34,3072,103,92
12/27/2021,3,6,37,2806,106,93
12/28/2021,3,6,59,2972,125,95
12/29/2021,3,6,57,3034,116,96
12/30/2021,3,6,46,2749,108,96
12/31/2021,3,6,55,2594,120,96
1/1/2022,3,6,55,2628,115,92
1/2/2022,3,6,43,2660,121,96
1/3/2022,3,6,47,2589,122,94
1/4/2022,3,6,59,3229,111,92
1/5/2022,3,6,47,3142,108,95
1/6/2022,3,6,52,3418,102,95
1/7/2022,3,6,57,3239,121,94
1/8/2022,3,6,57,2917,101,92
1/9/2022,3,6,49,3045,112,96
1/10/2022,3,6,39,2612,106,93
1/11/2022,3,6,51,2953,101,95
1/12/2022,3,6,70,2993,113,93
1/13/2022,3,6,51,2738,115,93
1/14/2022,3,6,44,3086,119,94
1/15/2022,3,6,71,3436,125,97
1/16/2022,3,6,29,3413,115,93
1/17/2022,3,6,45,2807,116,93
1/18/2022,3,6,54,2540,121,93
1/19/2022,3,6,45,2531,112,93
1/20/2022,3,6,61,3160,107,96
1/21/2022,3,6,60,3289,121,96
1/22/2022,3,6,56,3101,120,91
1/23/2022,3,6,42,3139,102,92
1/24/2022,3,6,53,2785,120,93
1/25/2022,3,6,48,3098,113,96
1/26/2022,3,6,49,3382,118,97
1/27/2022,3,6,63,2907,118,91
1/28/2022,3,6,56,3420,123,93
1/29/2022,3,6,78,3173,117,96
1/30/2022,3,6,44,2928,108,94
1/31/2022,3,6,55,2746,110,95
2/1/2022,3,6,67,2827,117,96
2/2/2022,3,6,71,2829,111,94
2/3/2022,3,6,69,3170,114,94
2/4/2022,3,6,66,2877,118,94
2/5/2022,3,6,64,2763,104,91
2/6/2022,3,6,42,2532,121,94
2/7/2022,3,6,50,2756,107,97
2/8/2022,3,6,53,3254,122,92
2/9/2022,3,6,49,3344,114,97
2/10/2022,3,6,58,3074,125,94
2/11/2022,3,6,72,3395,115,93
2/12/2022,3,6,75,2841,109,95
2/13/2022,3,6,45,3264,114,92
2/14/2022,3,6,51,2761,121,96
2/15/2022,3,6,44,3116,115,94
2/16/2022,3,6,56,3161,121,93
2/17/2022,3,6,60,3083,107,94
2/18/2022,3,6,50,2552,103,92
2/19/2022,3,6,67,2788,118,95
2/20/2022,3,6,37,2916,109,91
2/21/2022,3,6,56,3215,107,93
2/22/2022,3,6,54,3188,119,95
2/23/2022,3,6,49,3391,121,97
2/24/2022,3,6,43,3068,102,95
2/25/2022,3,6,74,2947,118,97
2/26/2022,3,6,58,2564,109,94
2/27/2022,3,6,41,3058,123,93
2/28/2022,3,6,48,3220,110,93
3/1/2022,3,6,58,3201,112,93
3/2/2022,3,6,66,2944,108,95
3/3/2022,3,6,68,3308,108,92
3/4/2022,3,6,70,3027,115,94
3/5/2022,3,6,77,3082,102,91
3/6/2022,3,6,37,2984,113,97
3/7/2022,3,6,59,2847,105,97
3/8/2022,3,6,73,2970,106,91
3/9/2022,3,6,69,2603,116,96
3/10/2022,3,6,78,3124,109,92
3/11/2022,3,6,68,2876,122,92
3/12/2022,3,6,79,2596,112,96
3/13/2022,3,6,61,3201,106,95
3/14/2022,3,6,68,3327,101,91
3/15/2022,3,6,52,3359,110,94
3/16/2022,3,6,67,3494,119,91
3/17/2022,3,6,65,3436,108,96
3/18/2022,3,6,73,3405,111,97
3/19/2022,3,6,95,3294,105,96
3/20/2022,3,6,51,3345,109,92
3/21/2022,3,6,68,2931,122,97
3/22/2022,3,6,65,2987,110,93
3/23/2022,3,6,59,2732,119,92
3/24/2022,3,6,62,2975,109,93
3/25/2022,3,6,76,3417,111,97
3/26/2022,3,6,76,2617,107,95
3/27/2022,3,6,49,2896,120,92
3/28/2022,3,6,60,3015,114,96
3/29/2022,3,6,52,3034,112,97
3/30/2022,3,6,56,3374,109,97
3/31/2022,3,6,64,2903,107,94
4/1/2022,3,6,88,3368,108,95
4/2/2022,3,6,94,3052,108,92
4/3/2022,3,6,64,3116,116,93
4/4/2022,3,6,60,2840,109,93
4/5/2022,3,6,79,2855,104,91
4/6/2022,3,6,59,3069,110,93
4/7/2022,3,6,80,3261,118,94
4/8/2022,3,6,106,2735,101,92
4/9/2022,3,6,97,3370,120,97
4/10/2022,3,6,53,2594,122,91
4/11/2022,3,6,82,3004,125,94
4/12/2022,3,6,77,3016,125,93
4/13/2022,3,6,83,2699,123,96
4/14/2022,3,6,80,2769,119,94
4/15/2022,3,6,98,2700,106,94
4/16/2022,3,6,93,2610,115,91
4/17/2022,3,6,59,2892,114,96
4/18/2022,3,6,61,3299,102,95
4/19/2022,3,6,76,3385,117,95
4/20/2022,3,6,74,2946,120,94
4/21/2022,3,6,97,2985,122,95
4/22/2022,3,6,104,2900,121,96
4/23/2022,3,6,89,2509,117,97
4/24/2022,3,6,63,3416,125,95
4/25/2022,3,6,67,2848,122,93
4/26/2022,3,6,64,2847,118,93
4/27/2022,3,6,72,2642,107,94
4/28/2022,3,6,83,2623,123,93
4/29/2022,3,6,97,2999,105,96
4/30/2022,3,6,102,3175,121,92
5/1/2022,3,6,62,2628,124,92
5/2/2022,3,6,80,2894,112,94
5/3/2022,3,6,74,2929,102,97
5/4/2022,3,6,75,3091,114,94
5/5/2022,3,6,98,2922,101,92
5/6/2022,3,6,84,2964,108,94
5/7/2022,3,6,121,3128,118,92
5/8/2022,3,6,56,2776,116,92
5/9/2022,3,6,86,3404,113,96
5/10/2022,3,6,66,3039,117,93
5/11/2022,3,6,78,3399,114,93
5/12/2022,3,6,74,2854,110,93
5/13/2022,3,6,92,3023,108,95
5/14/2022,3,6,105,2558,103,92
5/15/2022,3,6,84,2953,101,97
5/16/2022,3,6,75,2793,101,93
5/17/2022,3,6,83,2695,104,93
5/18/2022,3,6,87,2513,116,92
5/19/2022,3,6,78,3488,103,93
5/20/2022,3,6,96,2753,111,94
5/21/2022,3,6,103,2690,108,97
5/22/2022,3,6,59,2627,117,92
5/23/2022,3,6,81,2605,118,93
5/24/2022,3,6,75,3239,110,92
5/25/2022,3,6,74,2624,107,92
5/26/2022,3,6,88,2810,118,94
5/27/2022,3,6,104,2618,109,92
5/28/2022,3,6,107,2746,123,93
5/29/2022,3,6,74,3457,110,95
5/30/2022,3,6,72,2723,118,97
5/31/2022,3,6,78,2897,108,91
6/1/2022,3,6,93,3496,121,92
6/2/2022,3,6,100,2655,102,97
6/3/2022,3,6,91,2638,118,91
6/4/2022,3,6,120,2984,118,94
6/5/2022,3,6,69,3500,124,94
6/6/2022,3,6,87,2806,109,92
6/7/2022,3,6,99,3356,125,91
6/8/2022,3,6,78,2851,119,91
6/9/2022,3,6,102,3188,119,95
6/10/2022,3,6,87,3139,114,96
6/11/2022,3,6,108,2854,125,94
6/12/2022,3,6,64,2705,125,92
6/13/2022,3,6,87,2547,113,94
6/14/2022,3,6,82,2840,121,96
6/15/2022,3,6,74,2627,108,93
6/16/2022,3,6,95,2870,124,92
6/17/2022,3,6,125,3081,109,96
6/18/2022,3,6,123,2650,110,91
6/19/2022,3,6,60,3013,123,97
6/20/2022,3,6,95,2976,114,93
6/21/2022,3,6,94,3143,121,92
6/22/2022,3,6,94,3161,119,92
6/23/2022,3,6,112,3334,123,92
6/24/2022,3,6,92,3082,113,93
6/25/2022,3,6,105,3156,114,97
6/26/2022,3,6,77,3151,104,96
6/27/2022,3,6,76,3213,106,96
6/28/2022,3,6,80,2551,106,93
6/29/2022,3,6,103,2544,111,97
6/30/2022,3,6,76,3001,112,96
7/1/2022,3,6,96,2996,102,93
7/2/2022,3,6,136,3117,125,92
7/3/2022,3,6,67,3242,106,91
7/4/2022,3,6,75,3053,105,91
7/5/2022,3,6,110,3086,102,94
7/6/2022,3,6,91,2774,108,94
7/7/2022,3,6,95,3184,104,93
7/8/2022,3,6,101,2922,111,95
7/9/2022,3,6,112,3053,101,92
7/10/2022,3,6,64,3332,115,92
7/11/2022,3,6,98,2520,115,92
7/12/2022,3,6,91,3146,103,96
7/13/2022,3,6,105,3124,118,96
7/14/2022,3,6,92,3279,106,93
7/15/2022,3,6,115,2672,123,93
7/16/2022,3,6,117,3283,107,97
7/17/2022,3,6,74,3116,124,91
7/18/2022,3,6,84,3450,125,97
7/19/2022,3,6,99,2863,121,93
7/20/2022,3,6,102,2880,124,96
7/21/2022,3,6,117,2861,116,93
7/22/2022,3,6,111,3337,121,95
7/23/2022,3,6,107,2661,112,96
7/24/2022,3,6,83,3028,123,97
7/25/2022,3,6,94,2726,118,93
7/26/2022,3,6,82,2619,122,93
7/27/2022,3,6,115,2957,115,95
7/28/2022,3,6,102,2941,105,91
7/29/2022,3,6,118,2754,104,91
7/30/2022,3,6,88,2992,122,93
7/31/2022,3,6,81,3040,109,91
8/1/2022,3,6,79,2642,118,91
8/2/2022,3,6,73,2756,125,96
8/3/2022,3,6,85,2552,124,96
8/4/2022,3,6,97,2916,107,95
8/5/2022,3,6,83,3216,110,96
8/6/2022,3,6,94,2977,117,93
8/7/2022,3,6,73,2890,111,92
8/8/2022,3,6,57,2576,113,97
8/9/2022,3,6,60,2555,123,94
8/10/2022,3,6,91,3093,122,95
8/11/2022,3,6,97,2674,106,91
8/12/2022,3,6,87,2624,101,97
8/13/2022,3,6,110,2746,120,96
8/14/2022,3,6,75,3112,117,96
8/15/2022,3,6,79,2832,101,92
8/16/2022,3,6,79,2587,102,95
8/17/2022,3,6,78,2593,125,91
8/18/2022,3,6,90,3007,104,96
8/19/2022,3,6,107,3475,115,97
8/20/2022,3,6,104,3048,113,94
8/21/2022,3,6,77,2786,111,97
8/22/2022,3,6,81,3092,101,95
8/23/2022,3,6,78,3449,119,95
8/24/2022,3,6,94,3261,121,92
8/25/2022,3,6,73,3496,124,97
8/26/2022,3,6,96,2837,119,93
8/27/2022,3,6,110,2782,118,95
8/28/2022,3,6,67,3197,117,91
8/29/2022,3,6,76,2776,103,96
8/30/2022,3,6,95,2758,115,92
8/31/2022,3,6,61,2537,115,92
9/1/2022,3,6,88,2754,102,93
9/2/2022,3,6,97,2875,123,94
9/3/2022,3,6,78,2962,115,92
9/4/2022,3,6,51,3351,114,96
9/5/2022,3,6,73,3341,125,93
9/6/2022,3,6,76,3090,108,97
9/7/2022,3,6,77,2988,125,96
9/8/2022,3,6,86,2658,116,95
9/9/2022,3,6,98,3255,110,95
9/10/2022,3,6,89,2623,120,96
9/11/2022,3,6,55,2757,124,91
9/12/2022,3,6,68,2942,124,95
9/13/2022,3,6,69,2623,122,92
9/14/2022,3,6,63,3380,124,93
9/15/2022,3,6,92,2791,102,91
9/16/2022,3,6,84,3424,112,94
9/17/2022,3,6,80,2581,108,94
9/18/2022,3,6,67,3212,122,94
9/19/2022,3,6,66,2746,113,91
9/20/2022,3,6,73,3005,104,92
9/21/2022,3,6,73,2547,112,91
9/22/2022,3,6,79,3214,103,96
9/23/2022,3,6,94,3138,120,96
9/24/2022,3,6,96,3424,124,94
9/25/2022,3,6,71,2589,122,97
9/26/2022,3,6,84,3386,106,97
9/27/2022,3,6,76,2986,117,91
9/28/2022,3,6,79,2901,124,92
9/29/2022,3,6,97,2550,121,93
9/30/2022,3,6,91,3438,101,96
10/1/2022,3,6,98,2860,105,96
10/2/2022,3,6,64,3024,125,91
10/3/2022,3,6,73,3291,102,96
10/4/2022,3,6,72,3450,101,97
10/5/2022,3,6,54,2675,119,91
10/6/2022,3,6,77,2843,118,96
10/7/2022,3,6,94,3496,121,93
10/8/2022,3,6,81,2695,124,93
10/9/2022,3,6,72,2854,110,92
10/10/2022,3,6,77,3170,107,91
10/11/2022,3,6,70,2866,110,93
10/12/2022,3,6,71,3220,107,96
10/13/2022,3,6,80,3306,112,91
10/14/2022,3,6,78,3093,104,96
10/15/2022,3,6,86,3277,115,95
10/16/2022,3,6,67,3267,121,94
10/17/2022,3,6,70,3429,124,96
10/18/2022,3,6,64,2632,115,93
10/19/2022,3,6,68,3310,101,95
10/20/2022,3,6,74,2725,106,94
10/21/2022,3,6,90,3171,108,95
10/22/2022,3,6,88,2890,117,92
10/23/2022,3,6,54,2720,118,94
10/24/2022,3,6,79,3260,123,91
10/25/2022,3,6,58,2859,110,97
10/26/2022,3,6,57,2783,116,93
10/27/2022,3,6,65,2554,102,91
10/28/2022,3,6,76,3210,120,94
10/29/2022,3,6,75,2829,124,93
10/30/2022,3,6,67,2684,109,97
10/31/2022,3,6,64,2843,109,97
11/1/2022,3,6,78,2742,119,94
11/2/2022,3,6,63,3020,113,95
11/3/2022,3,6,82,3349,101,95
11/4/2022,3,6,90,2730,118,92
11/5/2022,3,6,104,2818,124,92
11/6/2022,3,6,73,2712,103,94
11/7/2022,3,6,64,2800,105,92
11/8/2022,3,6,59,2855,109,93
11/9/2022,3,6,74,3185,109,94
11/10/2022,3,6,77,2883,103,92
11/11/2022,3,6,84,2595,105,95
11/12/2022,3,6,86,2897,110,94
11/13/2022,3,6,50,2894,113,95
11/14/2022,3,6,74,2812,122,94
11/15/2022,3,6,78,3246,113,96
11/16/2022,3,6,72,3448,102,94
11/17/2022,3,6,88,3006,119,94
11/18/2022,3,6,90,3279,114,97
11/19/2022,3,6,97,3269,106,95
11/20/2022,3,6,62,2966,125,95
11/21/2022,3,6,80,3179,111,92
11/22/2022,3,6,79,3157,122,93
11/23/2022,3,6,85,2825,123,96
11/24/2022,3,6,90,2748,123,97
11/25/2022,3,6,100,3099,101,95
11/26/2022,3,6,85,2830,120,96
11/27/2022,3,6,60,2714,103,91
11/28/2022,3,6,69,3143,125,93
11/29/2022,3,6,70,3250,113,94
11/30/2022,3,6,79,2786,111,93
12/1/2022,3,6,63,2747,112,97
12/2/2022,3,6,65,2958,115,93
12/3/2022,3,6,60,2962,105,94
12/4/2022,3,6,39,3464,114,95
12/5/2022,3,6,52,2694,115,95
12/6/2022,3,6,45,2688,121,93
12/7/2022,3,6,64,2626,110,97
12/8/2022,3,6,61,2877,107,96
12/9/2022,3,6,78,2962,116,93
12/10/2022,3,6,65,3123,118,93
12/11/2022,3,6,35,2993,119,93
12/12/2022,3,6,55,3136,115,95
12/13/2022,3,6,63,3480,121,94
12/14/2022,3,6,54,2859,121,91
12/15/2022,3,6,54,2676,120,92
12/16/2022,3,6,58,3157,114,92
12/17/2022,3,6,80,2685,116,97
12/18/2022,3,6,39,2647,104,93
12/19/2022,3,6,52,3195,113,91
12/20/2022,3,6,50,2851,123,95
12/21/2022,3,6,62,2504,107,95
12/22/2022,3,6,70,2511,112,94
12/23/2022,3,6,63,2962,101,93
12/24/2022,3,6,66,2625,115,97
12/25/2022,3,6,48,2672,114,97
12/26/2022,3,6,50,2949,122,94
12/27/2022,3,6,53,2510,119,92
12/28/2022,3,6,55,3307,113,92
12/29/2022,3,6,45,3472,105,93
12/30/2022,3,6,64,3355,123,97
12/31/2022,3,6,65,3063,118,91
