date,warehouse,item,sales,marketing_expense,economic_indicator,competitor_pricing
1/1/2018,1,4,10,3323,110,91
1/2/2018,1,4,11,2902,108,97
1/3/2018,1,4,8,3528,110,97
1/4/2018,1,4,19,2523,115,97
1/5/2018,1,4,12,3854,109,97
1/6/2018,1,4,16,2975,126,91
1/7/2018,1,4,7,3879,124,94
1/8/2018,1,4,9,2696,125,93
1/9/2018,1,4,11,3005,109,91
1/10/2018,1,4,16,3463,122,92
1/11/2018,1,4,19,3934,130,91
1/12/2018,1,4,9,3817,105,93
1/13/2018,1,4,8,3626,114,92
1/14/2018,1,4,5,3186,105,93
1/15/2018,1,4,14,3505,121,97
1/16/2018,1,4,7,4044,114,93
1/17/2018,1,4,11,3202,116,94
1/18/2018,1,4,7,3824,128,92
1/19/2018,1,4,9,2714,104,92
1/20/2018,1,4,20,3747,125,95
1/21/2018,1,4,15,2843,123,97
1/22/2018,1,4,11,3863,128,93
1/23/2018,1,4,7,2828,104,96
1/24/2018,1,4,8,2796,123,97
1/25/2018,1,4,12,3543,104,92
1/26/2018,1,4,5,4125,128,94
1/27/2018,1,4,13,3809,108,96
1/28/2018,1,4,7,4080,112,91
1/29/2018,1,4,13,4149,119,97
1/30/2018,1,4,8,2704,112,93
1/31/2018,1,4,19,3604,108,96
2/1/2018,1,4,21,2580,128,91
2/2/2018,1,4,10,3552,132,96
2/3/2018,1,4,6,3318,127,95
2/4/2018,1,4,11,3812,131,97
2/5/2018,1,4,17,3012,109,91
2/6/2018,1,4,9,2842,133,95
2/7/2018,1,4,15,2741,122,94
2/8/2018,1,4,14,4025,107,93
2/9/2018,1,4,12,3884,125,95
2/10/2018,1,4,13,2952,109,92
2/11/2018,1,4,12,3654,129,97
2/12/2018,1,4,13,2705,125,91
2/13/2018,1,4,13,2527,112,91
2/14/2018,1,4,9,2649,121,97
2/15/2018,1,4,15,3302,117,96
2/16/2018,1,4,13,2839,121,95
2/17/2018,1,4,11,2952,123,94
2/18/2018,1,4,9,3289,122,97
2/19/2018,1,4,8,3339,112,92
2/20/2018,1,4,14,3250,126,91
2/21/2018,1,4,9,2878,125,95
2/22/2018,1,4,9,3202,128,93
2/23/2018,1,4,13,3373,118,91
2/24/2018,1,4,9,3433,123,95
2/25/2018,1,4,8,3702,114,91
2/26/2018,1,4,16,4059,117,92
2/27/2018,1,4,17,3944,121,93
2/28/2018,1,4,14,4160,117,97
3/1/2018,1,4,9,3389,121,91
3/2/2018,1,4,25,3475,118,93
3/3/2018,1,4,19,3397,116,95
3/4/2018,1,4,10,3827,107,95
3/5/2018,1,4,20,2737,104,92
3/6/2018,1,4,13,3744,122,93
3/7/2018,1,4,14,4006,113,92
3/8/2018,1,4,18,3296,106,93
3/9/2018,1,4,20,2641,105,95
3/10/2018,1,4,14,3090,120,92
3/11/2018,1,4,8,3597,119,91
3/12/2018,1,4,14,4172,130,95
3/13/2018,1,4,12,3293,107,94
3/14/2018,1,4,14,3564,132,92
3/15/2018,1,4,15,2574,109,96
3/16/2018,1,4,11,3717,107,97
3/17/2018,1,4,15,2667,117,95
3/18/2018,1,4,10,4174,128,92
3/19/2018,1,4,13,3636,133,95
3/20/2018,1,4,14,4018,121,97
3/21/2018,1,4,15,3409,114,93
3/22/2018,1,4,12,2806,131,96
3/23/2018,1,4,15,2834,117,95
3/24/2018,1,4,22,2841,111,93
3/25/2018,1,4,16,2711,104,91
3/26/2018,1,4,11,2717,129,91
3/27/2018,1,4,14,3870,118,97
3/28/2018,1,4,17,3437,129,94
3/29/2018,1,4,11,3593,115,91
3/30/2018,1,4,23,4002,113,97
3/31/2018,1,4,23,3945,108,91
4/1/2018,1,4,12,3271,111,95
4/2/2018,1,4,14,3409,130,96
4/3/2018,1,4,13,3986,133,94
4/4/2018,1,4,18,2904,104,91
4/5/2018,1,4,24,3454,108,93
4/6/2018,1,4,18,2997,107,92
4/7/2018,1,4,13,4023,117,96
4/8/2018,1,4,6,3632,112,92
4/9/2018,1,4,11,2615,125,96
4/10/2018,1,4,20,4189,108,97
4/11/2018,1,4,14,3666,123,94
4/12/2018,1,4,15,4023,106,94
4/13/2018,1,4,27,4128,116,91
4/14/2018,1,4,27,3833,107,96
4/15/2018,1,4,12,3787,117,93
4/16/2018,1,4,23,4152,116,95
4/17/2018,1,4,21,3811,107,97
4/18/2018,1,4,16,3526,114,96
4/19/2018,1,4,21,3063,117,96
4/20/2018,1,4,21,2912,133,92
4/21/2018,1,4,21,4034,128,97
4/22/2018,1,4,10,2905,111,97
4/23/2018,1,4,21,4026,117,96
4/24/2018,1,4,11,3998,117,92
4/25/2018,1,4,15,4114,113,97
4/26/2018,1,4,14,3182,121,94
4/27/2018,1,4,22,2964,118,96
4/28/2018,1,4,29,3213,131,93
4/29/2018,1,4,9,3260,106,91
4/30/2018,1,4,16,4138,108,96
5/1/2018,1,4,18,3107,128,94
5/2/2018,1,4,25,3303,123,96
5/3/2018,1,4,20,4050,121,94
5/4/2018,1,4,21,4125,115,95
5/5/2018,1,4,27,3732,108,95
5/6/2018,1,4,5,2882,132,94
5/7/2018,1,4,16,3853,106,96
5/8/2018,1,4,24,2886,115,97
5/9/2018,1,4,23,3531,115,92
5/10/2018,1,4,24,2907,122,92
5/11/2018,1,4,28,2996,129,92
5/12/2018,1,4,17,2712,128,91
5/13/2018,1,4,14,2548,110,94
5/14/2018,1,4,16,2737,132,96
5/15/2018,1,4,24,3891,108,97
5/16/2018,1,4,24,2756,113,93
5/17/2018,1,4,22,4193,106,96
5/18/2018,1,4,27,3425,107,97
5/19/2018,1,4,28,3631,117,92
5/20/2018,1,4,12,3382,125,91
5/21/2018,1,4,19,2822,105,91
5/22/2018,1,4,21,2979,116,91
5/23/2018,1,4,20,3840,111,95
5/24/2018,1,4,24,3588,131,96
5/25/2018,1,4,12,3089,113,93
5/26/2018,1,4,26,2834,132,92
5/27/2018,1,4,13,4096,124,95
5/28/2018,1,4,18,3838,120,93
5/29/2018,1,4,18,2519,114,92
5/30/2018,1,4,22,3840,111,92
5/31/2018,1,4,24,2892,132,93
6/1/2018,1,4,21,3790,130,97
6/2/2018,1,4,29,4126,123,92
6/3/2018,1,4,22,3778,114,92
6/4/2018,1,4,18,2978,117,93
6/5/2018,1,4,19,2860,126,97
6/6/2018,1,4,22,3869,109,92
6/7/2018,1,4,18,3463,128,97
6/8/2018,1,4,20,2973,127,91
6/9/2018,1,4,17,3301,130,97
6/10/2018,1,4,16,2930,131,91
6/11/2018,1,4,20,3293,119,91
6/12/2018,1,4,14,3116,116,93
6/13/2018,1,4,22,2618,104,92
6/14/2018,1,4,14,3841,118,97
6/15/2018,1,4,29,2533,114,95
6/16/2018,1,4,21,3987,116,92
6/17/2018,1,4,14,4094,120,95
6/18/2018,1,4,17,3610,116,93
6/19/2018,1,4,16,3215,131,93
6/20/2018,1,4,16,3518,113,97
6/21/2018,1,4,20,3755,107,97
6/22/2018,1,4,24,2696,132,94
6/23/2018,1,4,25,3490,117,94
6/24/2018,1,4,22,3382,106,94
6/25/2018,1,4,23,3949,121,97
6/26/2018,1,4,13,3124,117,94
6/27/2018,1,4,26,3024,131,93
6/28/2018,1,4,17,3284,112,97
6/29/2018,1,4,24,4179,122,92
6/30/2018,1,4,20,2798,129,97
7/1/2018,1,4,9,3597,113,97
7/2/2018,1,4,13,2882,133,91
7/3/2018,1,4,16,3708,110,95
7/4/2018,1,4,21,3513,113,96
7/5/2018,1,4,28,4158,115,96
7/6/2018,1,4,28,3561,118,97
7/7/2018,1,4,29,4000,131,94
7/8/2018,1,4,14,3359,129,95
7/9/2018,1,4,18,3257,118,94
7/10/2018,1,4,14,3797,132,97
7/11/2018,1,4,20,3769,130,97
7/12/2018,1,4,25,3506,127,93
7/13/2018,1,4,30,2859,115,95
7/14/2018,1,4,24,3456,114,91
7/15/2018,1,4,16,2648,119,93
7/16/2018,1,4,21,3120,117,97
7/17/2018,1,4,22,3580,122,91
7/18/2018,1,4,21,2542,119,93
7/19/2018,1,4,24,3644,133,94
7/20/2018,1,4,28,2915,109,97
7/21/2018,1,4,19,2967,130,95
7/22/2018,1,4,14,3214,113,94
7/23/2018,1,4,19,2928,133,93
7/24/2018,1,4,27,3381,120,97
7/25/2018,1,4,18,3409,110,96
7/26/2018,1,4,21,3911,112,94
7/27/2018,1,4,17,3700,114,94
7/28/2018,1,4,27,3340,109,97
7/29/2018,1,4,9,4105,115,97
7/30/2018,1,4,21,2942,132,92
7/31/2018,1,4,13,2685,127,91
8/1/2018,1,4,11,4079,133,92
8/2/2018,1,4,18,3517,117,96
8/3/2018,1,4,17,3887,117,92
8/4/2018,1,4,27,3228,114,91
8/5/2018,1,4,14,2997,107,97
8/6/2018,1,4,20,4079,126,97
8/7/2018,1,4,18,3118,125,92
8/8/2018,1,4,18,4161,127,97
8/9/2018,1,4,18,2806,132,93
8/10/2018,1,4,34,3626,117,92
8/11/2018,1,4,18,3365,116,91
8/12/2018,1,4,14,3037,119,93
8/13/2018,1,4,19,2877,131,94
8/14/2018,1,4,18,3109,129,95
8/15/2018,1,4,21,4199,115,93
8/16/2018,1,4,16,3060,131,92
8/17/2018,1,4,25,2539,132,94
8/18/2018,1,4,15,3310,119,93
8/19/2018,1,4,23,3750,124,96
8/20/2018,1,4,16,2722,114,97
8/21/2018,1,4,13,3957,118,93
8/22/2018,1,4,19,3167,113,94
8/23/2018,1,4,20,2640,112,93
8/24/2018,1,4,27,3595,109,97
8/25/2018,1,4,13,3587,118,97
8/26/2018,1,4,16,2605,116,95
8/27/2018,1,4,22,3311,131,92
8/28/2018,1,4,21,3692,119,97
8/29/2018,1,4,14,3443,109,92
8/30/2018,1,4,17,2551,127,91
8/31/2018,1,4,18,3653,111,97
9/1/2018,1,4,22,3193,122,94
9/2/2018,1,4,15,2532,124,95
9/3/2018,1,4,15,3034,133,95
9/4/2018,1,4,12,3661,128,93
9/5/2018,1,4,25,3539,125,96
9/6/2018,1,4,18,2707,127,97
9/7/2018,1,4,25,3957,120,96
9/8/2018,1,4,28,3264,125,96
9/9/2018,1,4,4,3851,130,95
9/10/2018,1,4,22,3927,133,96
9/11/2018,1,4,22,2533,115,95
9/12/2018,1,4,24,3949,120,97
9/13/2018,1,4,16,3391,124,96
9/14/2018,1,4,24,3851,127,95
9/15/2018,1,4,20,3861,125,96
9/16/2018,1,4,17,3434,128,93
9/17/2018,1,4,20,3909,120,92
9/18/2018,1,4,10,3682,115,91
9/19/2018,1,4,20,4168,111,96
9/20/2018,1,4,17,3450,133,96
9/21/2018,1,4,18,3588,119,94
9/22/2018,1,4,31,3283,124,94
9/23/2018,1,4,9,2508,105,91
9/24/2018,1,4,20,3511,118,93
9/25/2018,1,4,15,3217,110,92
9/26/2018,1,4,15,3765,118,96
9/27/2018,1,4,16,2761,119,96
9/28/2018,1,4,16,3140,119,91
9/29/2018,1,4,20,3076,125,92
9/30/2018,1,4,18,3464,123,96
10/1/2018,1,4,13,2779,127,94
10/2/2018,1,4,13,3320,128,94
10/3/2018,1,4,16,2935,126,91
10/4/2018,1,4,19,4142,121,94
10/5/2018,1,4,22,3956,112,91
10/6/2018,1,4,14,3573,124,91
10/7/2018,1,4,13,3966,119,92
10/8/2018,1,4,14,2543,115,92
10/9/2018,1,4,10,2644,115,92
10/10/2018,1,4,17,3510,129,92
10/11/2018,1,4,14,4156,133,94
10/12/2018,1,4,12,2891,133,92
10/13/2018,1,4,21,4029,118,94
10/14/2018,1,4,7,4081,107,92
10/15/2018,1,4,19,4066,133,97
10/16/2018,1,4,11,3148,124,92
10/17/2018,1,4,11,2873,114,94
10/18/2018,1,4,20,3498,109,92
10/19/2018,1,4,20,3800,127,93
10/20/2018,1,4,18,3711,111,97
10/21/2018,1,4,10,3763,128,95
10/22/2018,1,4,15,3210,120,97
10/23/2018,1,4,19,3498,127,97
10/24/2018,1,4,21,2508,128,91
10/25/2018,1,4,17,3041,130,97
10/26/2018,1,4,19,4084,116,92
10/27/2018,1,4,22,3405,112,96
10/28/2018,1,4,19,4142,132,95
10/29/2018,1,4,10,3675,108,93
10/30/2018,1,4,9,3633,112,97
10/31/2018,1,4,10,3362,133,92
11/1/2018,1,4,22,3734,118,91
11/2/2018,1,4,24,3261,108,94
11/3/2018,1,4,17,4110,107,97
11/4/2018,1,4,12,2500,124,92
11/5/2018,1,4,19,4094,121,95
11/6/2018,1,4,24,4089,128,95
11/7/2018,1,4,18,4036,129,97
11/8/2018,1,4,12,3617,118,94
11/9/2018,1,4,16,3305,130,95
11/10/2018,1,4,14,2652,133,93
11/11/2018,1,4,12,2962,111,92
11/12/2018,1,4,16,3831,121,93
11/13/2018,1,4,11,3921,108,91
11/14/2018,1,4,18,3164,133,94
11/15/2018,1,4,13,3223,116,96
11/16/2018,1,4,25,3671,121,94
11/17/2018,1,4,28,2605,116,91
11/18/2018,1,4,9,4031,112,94
11/19/2018,1,4,18,3399,113,92
11/20/2018,1,4,17,3205,120,95
11/21/2018,1,4,17,4090,118,94
11/22/2018,1,4,19,4029,131,91
11/23/2018,1,4,21,3167,112,95
11/24/2018,1,4,19,3952,114,96
11/25/2018,1,4,11,3540,104,91
11/26/2018,1,4,12,3283,121,93
11/27/2018,1,4,16,2925,110,92
11/28/2018,1,4,29,2855,108,93
11/29/2018,1,4,12,3933,109,95
11/30/2018,1,4,18,3431,110,96
12/1/2018,1,4,17,3798,129,94
12/2/2018,1,4,8,3167,109,95
12/3/2018,1,4,13,3970,104,96
12/4/2018,1,4,17,3028,128,91
12/5/2018,1,4,11,3315,120,92
12/6/2018,1,4,12,3780,128,91
12/7/2018,1,4,20,3685,111,91
12/8/2018,1,4,12,3637,124,91
12/9/2018,1,4,13,2796,105,97
12/10/2018,1,4,5,2943,124,96
12/11/2018,1,4,6,2779,114,96
12/12/2018,1,4,13,3842,126,93
12/13/2018,1,4,15,2756,104,97
12/14/2018,1,4,13,3390,121,91
12/15/2018,1,4,15,2563,116,95
12/16/2018,1,4,7,2628,127,95
12/17/2018,1,4,9,3266,114,96
12/18/2018,1,4,8,4135,116,96
12/19/2018,1,4,15,3468,127,91
12/20/2018,1,4,15,4145,132,97
12/21/2018,1,4,12,3079,132,95
12/22/2018,1,4,13,3712,113,94
12/23/2018,1,4,9,4097,130,93
12/24/2018,1,4,14,2591,111,91
12/25/2018,1,4,10,3654,129,97
12/26/2018,1,4,15,3783,131,91
12/27/2018,1,4,11,3501,129,95
12/28/2018,1,4,22,3849,118,97
12/29/2018,1,4,21,3793,117,92
12/30/2018,1,4,13,2609,128,96
12/31/2018,1,4,9,2858,124,93
1/1/2019,1,4,9,3240,115,96
1/2/2019,1,4,7,3050,133,94
1/3/2019,1,4,10,2994,114,92
1/4/2019,1,4,14,3296,117,95
1/5/2019,1,4,14,2586,106,92
1/6/2019,1,4,14,3909,113,96
1/7/2019,1,4,9,3144,131,95
1/8/2019,1,4,10,3847,118,96
1/9/2019,1,4,13,3622,110,92
1/10/2019,1,4,14,3925,117,96
1/11/2019,1,4,21,3509,108,91
1/12/2019,1,4,15,3153,110,95
1/13/2019,1,4,4,2922,114,92
1/14/2019,1,4,9,2984,115,96
1/15/2019,1,4,18,2638,124,96
1/16/2019,1,4,8,3902,107,95
1/17/2019,1,4,11,3064,125,97
1/18/2019,1,4,15,3005,129,93
1/19/2019,1,4,17,3674,130,95
1/20/2019,1,4,10,3954,108,96
1/21/2019,1,4,12,3530,124,95
1/22/2019,1,4,10,3606,125,95
1/23/2019,1,4,6,3208,119,94
1/24/2019,1,4,18,2791,114,95
1/25/2019,1,4,11,3520,110,97
1/26/2019,1,4,15,2683,115,96
1/27/2019,1,4,11,3976,129,92
1/28/2019,1,4,7,3010,133,94
1/29/2019,1,4,7,2693,131,95
1/30/2019,1,4,17,3363,133,96
1/31/2019,1,4,10,3814,129,96
2/1/2019,1,4,24,3668,118,94
2/2/2019,1,4,15,2872,116,91
2/3/2019,1,4,13,3504,107,94
2/4/2019,1,4,19,4179,133,92
2/5/2019,1,4,14,3621,119,97
2/6/2019,1,4,12,2601,115,97
2/7/2019,1,4,15,2816,133,96
2/8/2019,1,4,13,2755,127,94
2/9/2019,1,4,19,2976,115,92
2/10/2019,1,4,8,3679,129,95
2/11/2019,1,4,13,3793,113,94
2/12/2019,1,4,6,3490,104,97
2/13/2019,1,4,17,2634,105,93
2/14/2019,1,4,24,2553,129,95
2/15/2019,1,4,19,2554,115,94
2/16/2019,1,4,20,3369,118,96
2/17/2019,1,4,14,3313,129,95
2/18/2019,1,4,18,3800,129,92
2/19/2019,1,4,14,4065,130,93
2/20/2019,1,4,17,3315,111,95
2/21/2019,1,4,15,2899,132,93
2/22/2019,1,4,15,3107,117,96
2/23/2019,1,4,19,3509,108,92
2/24/2019,1,4,16,4045,127,96
2/25/2019,1,4,9,3358,124,91
2/26/2019,1,4,10,3854,106,95
2/27/2019,1,4,9,3700,116,91
2/28/2019,1,4,8,3182,123,93
3/1/2019,1,4,19,3510,112,93
3/2/2019,1,4,22,2866,130,91
3/3/2019,1,4,14,3194,120,94
3/4/2019,1,4,19,3307,129,95
3/5/2019,1,4,15,3625,131,95
3/6/2019,1,4,14,4027,131,91
3/7/2019,1,4,15,2528,116,91
3/8/2019,1,4,15,3945,133,93
3/9/2019,1,4,14,2620,111,93
3/10/2019,1,4,15,3444,132,92
3/11/2019,1,4,16,3082,127,92
3/12/2019,1,4,16,2836,108,95
3/13/2019,1,4,20,4064,116,92
3/14/2019,1,4,15,3056,109,93
3/15/2019,1,4,27,2928,113,93
3/16/2019,1,4,13,4146,110,97
3/17/2019,1,4,20,4096,110,95
3/18/2019,1,4,9,2589,124,94
3/19/2019,1,4,20,3814,108,97
3/20/2019,1,4,20,3487,114,92
3/21/2019,1,4,20,3997,104,96
3/22/2019,1,4,15,2939,112,93
3/23/2019,1,4,16,4095,133,93
3/24/2019,1,4,18,3276,127,97
3/25/2019,1,4,13,2693,126,95
3/26/2019,1,4,18,3583,123,96
3/27/2019,1,4,20,3461,126,93
3/28/2019,1,4,19,3867,122,92
3/29/2019,1,4,22,2581,121,97
3/30/2019,1,4,18,3475,107,97
3/31/2019,1,4,7,2510,110,92
4/1/2019,1,4,22,3933,131,91
4/2/2019,1,4,24,3449,121,93
4/3/2019,1,4,22,2974,116,94
4/4/2019,1,4,24,3354,117,91
4/5/2019,1,4,38,3527,128,92
4/6/2019,1,4,23,3490,106,96
4/7/2019,1,4,20,3484,125,95
4/8/2019,1,4,12,3896,124,94
4/9/2019,1,4,23,3568,119,95
4/10/2019,1,4,18,2949,123,91
4/11/2019,1,4,32,4079,115,94
4/12/2019,1,4,17,3608,111,97
4/13/2019,1,4,26,3898,129,97
4/14/2019,1,4,8,4132,133,91
4/15/2019,1,4,11,3371,111,97
4/16/2019,1,4,25,3403,120,95
4/17/2019,1,4,20,3125,107,95
4/18/2019,1,4,17,3551,107,92
4/19/2019,1,4,27,4085,122,95
4/20/2019,1,4,29,3791,131,93
4/21/2019,1,4,13,3240,119,92
4/22/2019,1,4,23,3860,111,91
4/23/2019,1,4,18,2606,121,97
4/24/2019,1,4,14,3386,110,91
4/25/2019,1,4,21,3573,129,91
4/26/2019,1,4,26,2531,114,93
4/27/2019,1,4,23,3516,113,92
4/28/2019,1,4,21,2684,116,93
4/29/2019,1,4,14,2591,133,91
4/30/2019,1,4,20,2780,129,95
5/1/2019,1,4,21,2703,120,97
5/2/2019,1,4,20,2666,116,92
5/3/2019,1,4,35,3612,131,92
5/4/2019,1,4,22,3434,116,97
5/5/2019,1,4,14,3172,109,92
5/6/2019,1,4,16,3997,108,92
5/7/2019,1,4,18,3986,118,91
5/8/2019,1,4,32,3472,132,91
5/9/2019,1,4,20,3653,132,97
5/10/2019,1,4,14,3829,120,96
5/11/2019,1,4,21,4103,125,94
5/12/2019,1,4,17,4138,115,94
5/13/2019,1,4,20,2959,119,91
5/14/2019,1,4,18,3171,123,93
5/15/2019,1,4,22,3935,104,92
5/16/2019,1,4,20,3634,106,96
5/17/2019,1,4,21,3558,121,93
5/18/2019,1,4,29,2717,124,95
5/19/2019,1,4,14,3121,127,92
5/20/2019,1,4,14,3502,104,96
5/21/2019,1,4,14,3374,110,92
5/22/2019,1,4,16,3848,118,95
5/23/2019,1,4,27,3569,108,95
5/24/2019,1,4,24,4152,120,97
5/25/2019,1,4,27,2760,114,94
5/26/2019,1,4,17,2712,106,91
5/27/2019,1,4,20,3148,108,92
5/28/2019,1,4,22,4115,126,97
5/29/2019,1,4,21,2928,122,97
5/30/2019,1,4,29,3629,131,91
5/31/2019,1,4,20,3772,130,92
6/1/2019,1,4,25,3550,117,92
6/2/2019,1,4,17,3063,122,91
6/3/2019,1,4,24,4005,106,96
6/4/2019,1,4,20,3731,123,95
6/5/2019,1,4,15,2706,125,96
6/6/2019,1,4,26,3019,128,97
6/7/2019,1,4,27,3914,128,92
6/8/2019,1,4,27,2592,104,91
6/9/2019,1,4,25,2841,131,95
6/10/2019,1,4,22,2774,121,97
6/11/2019,1,4,21,3854,120,97
6/12/2019,1,4,24,4187,128,94
6/13/2019,1,4,22,2581,117,92
6/14/2019,1,4,35,2608,126,92
6/15/2019,1,4,24,3102,122,93
6/16/2019,1,4,19,4063,111,93
6/17/2019,1,4,25,3790,110,96
6/18/2019,1,4,18,3205,115,92
6/19/2019,1,4,28,4017,108,95
6/20/2019,1,4,23,3145,128,92
6/21/2019,1,4,24,2691,124,93
6/22/2019,1,4,20,4056,128,97
6/23/2019,1,4,15,2797,108,97
6/24/2019,1,4,28,2530,107,97
6/25/2019,1,4,25,2763,105,92
6/26/2019,1,4,21,2731,124,97
6/27/2019,1,4,23,3367,108,97
6/28/2019,1,4,23,3257,132,91
6/29/2019,1,4,29,2773,133,97
6/30/2019,1,4,18,4021,126,91
7/1/2019,1,4,19,2584,112,96
7/2/2019,1,4,24,4106,105,91
7/3/2019,1,4,21,2611,112,94
7/4/2019,1,4,30,3369,126,92
7/5/2019,1,4,31,3218,132,97
7/6/2019,1,4,28,3245,107,96
7/7/2019,1,4,19,3066,123,97
7/8/2019,1,4,29,4197,106,97
7/9/2019,1,4,21,2905,133,96
7/10/2019,1,4,32,2819,131,96
7/11/2019,1,4,29,2508,114,93
7/12/2019,1,4,29,3825,126,94
7/13/2019,1,4,22,3787,117,96
7/14/2019,1,4,25,3641,122,92
7/15/2019,1,4,22,2567,129,92
7/16/2019,1,4,21,4181,116,95
7/17/2019,1,4,26,2929,133,94
7/18/2019,1,4,21,2575,132,93
7/19/2019,1,4,32,2777,120,97
7/20/2019,1,4,40,3181,129,94
7/21/2019,1,4,20,4180,122,95
7/22/2019,1,4,32,3311,117,96
7/23/2019,1,4,26,3042,116,96
7/24/2019,1,4,23,2740,112,97
7/25/2019,1,4,31,2507,112,95
7/26/2019,1,4,30,4141,113,94
7/27/2019,1,4,29,3354,122,93
7/28/2019,1,4,14,2897,106,95
7/29/2019,1,4,17,2933,124,92
7/30/2019,1,4,25,2824,111,95
7/31/2019,1,4,23,3909,110,95
8/1/2019,1,4,21,3358,112,91
8/2/2019,1,4,18,3334,128,94
8/3/2019,1,4,38,3078,106,96
8/4/2019,1,4,20,3211,104,96
8/5/2019,1,4,23,3446,126,96
8/6/2019,1,4,24,2942,133,94
8/7/2019,1,4,25,2771,131,96
8/8/2019,1,4,17,4154,116,92
8/9/2019,1,4,23,2588,132,92
8/10/2019,1,4,35,2997,110,94
8/11/2019,1,4,18,2898,113,92
8/12/2019,1,4,27,3870,125,91
8/13/2019,1,4,22,2938,133,92
8/14/2019,1,4,31,2660,107,91
8/15/2019,1,4,19,3467,119,94
8/16/2019,1,4,23,3260,108,95
8/17/2019,1,4,22,3892,113,96
8/18/2019,1,4,12,2848,111,92
8/19/2019,1,4,23,2573,117,92
8/20/2019,1,4,27,3553,111,93
8/21/2019,1,4,25,3247,110,93
8/22/2019,1,4,15,3916,112,91
8/23/2019,1,4,32,2889,105,91
8/24/2019,1,4,26,3437,112,97
8/25/2019,1,4,14,2542,118,95
8/26/2019,1,4,18,3612,108,92
8/27/2019,1,4,15,2567,111,96
8/28/2019,1,4,22,2914,132,93
8/29/2019,1,4,22,3313,117,96
8/30/2019,1,4,20,4075,132,91
8/31/2019,1,4,28,3660,119,96
9/1/2019,1,4,16,3722,123,96
9/2/2019,1,4,14,3594,121,91
9/3/2019,1,4,15,3840,127,97
9/4/2019,1,4,24,3451,106,94
9/5/2019,1,4,26,3552,112,92
9/6/2019,1,4,25,3965,128,97
9/7/2019,1,4,29,3182,133,92
9/8/2019,1,4,15,2508,117,95
9/9/2019,1,4,16,2633,129,92
9/10/2019,1,4,23,4039,114,91
9/11/2019,1,4,25,3686,120,92
9/12/2019,1,4,16,3232,121,93
9/13/2019,1,4,30,2969,129,94
9/14/2019,1,4,24,3382,110,93
9/15/2019,1,4,24,3561,125,96
9/16/2019,1,4,18,2963,110,91
9/17/2019,1,4,16,4047,130,97
9/18/2019,1,4,18,3173,114,95
9/19/2019,1,4,18,4142,115,93
9/20/2019,1,4,20,3925,125,92
9/21/2019,1,4,26,3154,107,95
9/22/2019,1,4,11,3462,119,93
9/23/2019,1,4,17,3222,110,93
9/24/2019,1,4,24,2586,120,94
9/25/2019,1,4,18,3871,114,96
9/26/2019,1,4,18,4027,131,91
9/27/2019,1,4,15,3923,128,95
9/28/2019,1,4,28,3285,119,96
9/29/2019,1,4,19,4117,114,96
9/30/2019,1,4,17,2915,116,94
10/1/2019,1,4,16,3250,119,92
10/2/2019,1,4,12,2609,128,97
10/3/2019,1,4,12,3468,105,93
10/4/2019,1,4,22,3371,112,96
10/5/2019,1,4,20,3534,128,93
10/6/2019,1,4,16,3442,126,97
10/7/2019,1,4,13,3434,112,93
10/8/2019,1,4,22,2800,128,92
10/9/2019,1,4,17,4148,118,97
10/10/2019,1,4,13,3585,109,91
10/11/2019,1,4,18,2584,119,92
10/12/2019,1,4,26,4016,113,91
10/13/2019,1,4,14,3559,115,92
10/14/2019,1,4,19,3637,111,96
10/15/2019,1,4,23,3798,124,93
10/16/2019,1,4,17,4116,123,95
10/17/2019,1,4,12,2767,133,93
10/18/2019,1,4,25,3651,111,96
10/19/2019,1,4,26,3846,111,96
10/20/2019,1,4,21,2850,131,95
10/21/2019,1,4,11,3403,118,94
10/22/2019,1,4,12,3828,131,91
10/23/2019,1,4,15,3770,132,92
10/24/2019,1,4,18,2849,119,96
10/25/2019,1,4,18,3033,114,97
10/26/2019,1,4,13,2686,126,91
10/27/2019,1,4,18,3572,126,94
10/28/2019,1,4,20,3413,126,92
10/29/2019,1,4,16,3917,112,97
10/30/2019,1,4,12,3390,108,93
10/31/2019,1,4,24,2797,118,91
11/1/2019,1,4,18,2678,122,94
11/2/2019,1,4,20,3410,128,96
11/3/2019,1,4,17,3430,107,94
11/4/2019,1,4,17,4164,112,94
11/5/2019,1,4,16,2799,104,94
11/6/2019,1,4,19,3285,110,97
11/7/2019,1,4,23,4105,123,97
11/8/2019,1,4,24,3112,111,95
11/9/2019,1,4,33,4138,107,96
11/10/2019,1,4,24,2605,117,97
11/11/2019,1,4,23,3927,127,97
11/12/2019,1,4,24,3345,127,97
11/13/2019,1,4,26,3447,126,96
11/14/2019,1,4,25,4186,121,93
11/15/2019,1,4,24,4051,117,91
11/16/2019,1,4,28,3915,120,97
11/17/2019,1,4,12,3293,111,95
11/18/2019,1,4,19,3457,111,92
11/19/2019,1,4,13,2914,120,97
11/20/2019,1,4,26,3319,131,93
11/21/2019,1,4,25,3467,109,95
11/22/2019,1,4,16,3948,108,94
11/23/2019,1,4,29,4155,107,96
11/24/2019,1,4,19,3030,108,94
11/25/2019,1,4,18,3442,113,97
11/26/2019,1,4,16,3774,130,93
11/27/2019,1,4,21,3574,129,94
11/28/2019,1,4,21,3947,105,92
11/29/2019,1,4,24,3604,113,97
11/30/2019,1,4,20,4198,114,93
12/1/2019,1,4,13,2683,109,97
12/2/2019,1,4,18,2601,130,93
12/3/2019,1,4,12,2563,128,94
12/4/2019,1,4,17,3855,131,96
12/5/2019,1,4,17,3167,104,97
12/6/2019,1,4,21,4069,111,95
12/7/2019,1,4,15,3462,114,95
12/8/2019,1,4,14,3081,114,91
12/9/2019,1,4,12,2739,105,91
12/10/2019,1,4,23,4192,129,97
12/11/2019,1,4,16,3625,128,95
12/12/2019,1,4,21,4078,111,93
12/13/2019,1,4,12,3923,109,95
12/14/2019,1,4,17,2580,106,91
12/15/2019,1,4,8,2911,111,95
12/16/2019,1,4,16,3047,122,95
12/17/2019,1,4,13,2990,112,94
12/18/2019,1,4,17,3038,121,96
12/19/2019,1,4,14,4113,133,94
12/20/2019,1,4,19,3299,110,91
12/21/2019,1,4,13,3372,122,95
12/22/2019,1,4,15,2630,127,95
12/23/2019,1,4,19,3457,124,97
12/24/2019,1,4,21,3238,123,92
12/25/2019,1,4,10,2949,122,97
12/26/2019,1,4,13,3866,107,92
12/27/2019,1,4,15,2855,132,93
12/28/2019,1,4,20,3887,113,93
12/29/2019,1,4,7,3884,109,94
12/30/2019,1,4,12,3393,108,96
12/31/2019,1,4,14,2678,124,92
1/1/2020,1,4,15,3689,126,92
1/2/2020,1,4,20,3148,122,91
1/3/2020,1,4,19,3283,128,94
1/4/2020,1,4,23,2804,111,93
1/5/2020,1,4,10,3893,123,97
1/6/2020,1,4,13,3249,119,95
1/7/2020,1,4,21,3063,120,91
1/8/2020,1,4,16,4074,113,92
1/9/2020,1,4,14,3866,119,93
1/10/2020,1,4,28,3979,120,93
1/11/2020,1,4,13,2774,126,95
1/12/2020,1,4,15,2544,128,91
1/13/2020,1,4,6,3434,128,93
1/14/2020,1,4,14,3723,130,92
1/15/2020,1,4,14,4165,130,95
1/16/2020,1,4,11,3490,104,96
1/17/2020,1,4,19,3730,121,94
1/18/2020,1,4,18,3564,127,94
1/19/2020,1,4,15,3743,107,97
1/20/2020,1,4,9,4086,109,91
1/21/2020,1,4,13,2794,116,94
1/22/2020,1,4,6,3837,111,95
1/23/2020,1,4,10,3211,116,94
1/24/2020,1,4,13,2549,117,95
1/25/2020,1,4,18,4136,117,97
1/26/2020,1,4,9,4009,109,94
1/27/2020,1,4,11,3748,105,97
1/28/2020,1,4,14,2708,106,93
1/29/2020,1,4,15,2536,132,91
1/30/2020,1,4,18,3893,113,95
1/31/2020,1,4,14,4089,111,91
2/1/2020,1,4,15,3254,127,93
2/2/2020,1,4,9,2635,114,94
2/3/2020,1,4,17,3595,125,92
2/4/2020,1,4,13,2502,124,91
2/5/2020,1,4,14,2757,129,91
2/6/2020,1,4,13,3271,124,96
2/7/2020,1,4,13,3532,104,97
2/8/2020,1,4,23,2936,126,91
2/9/2020,1,4,5,3561,109,97
2/10/2020,1,4,15,3947,121,96
2/11/2020,1,4,15,3129,127,94
2/12/2020,1,4,17,3781,119,97
2/13/2020,1,4,13,3773,127,93
2/14/2020,1,4,15,4012,123,95
2/15/2020,1,4,20,3171,125,92
2/16/2020,1,4,17,3361,105,97
2/17/2020,1,4,15,2811,106,95
2/18/2020,1,4,6,3854,123,96
2/19/2020,1,4,20,3407,127,95
2/20/2020,1,4,19,3519,122,95
2/21/2020,1,4,12,2878,120,94
2/22/2020,1,4,13,3859,110,96
2/23/2020,1,4,9,3808,108,97
2/24/2020,1,4,14,3212,121,97
2/25/2020,1,4,11,4002,116,91
2/26/2020,1,4,11,3565,110,96
2/27/2020,1,4,21,3667,124,96
2/28/2020,1,4,22,3110,112,93
3/1/2020,1,4,23,2904,110,91
3/2/2020,1,4,10,3290,116,92
3/3/2020,1,4,25,3304,112,97
3/4/2020,1,4,18,3897,122,93
3/5/2020,1,4,19,3079,104,95
3/6/2020,1,4,7,4150,116,97
3/7/2020,1,4,21,2853,112,96
3/8/2020,1,4,25,3807,133,94
3/9/2020,1,4,17,3703,115,97
3/10/2020,1,4,13,4196,127,93
3/11/2020,1,4,14,4114,129,93
3/12/2020,1,4,18,3075,113,96
3/13/2020,1,4,12,3541,119,95
3/14/2020,1,4,25,3050,115,95
3/15/2020,1,4,20,2526,127,93
3/16/2020,1,4,17,2827,127,91
3/17/2020,1,4,18,3507,129,95
3/18/2020,1,4,17,3525,124,94
3/19/2020,1,4,21,3372,123,96
3/20/2020,1,4,15,3508,121,96
3/21/2020,1,4,20,3335,132,96
3/22/2020,1,4,13,3800,107,95
3/23/2020,1,4,12,4011,129,94
3/24/2020,1,4,15,2851,119,94
3/25/2020,1,4,13,3348,109,94
3/26/2020,1,4,17,3137,115,94
3/27/2020,1,4,18,3449,121,97
3/28/2020,1,4,19,2900,105,91
3/29/2020,1,4,26,3579,116,95
3/30/2020,1,4,20,2677,104,96
3/31/2020,1,4,24,2937,111,93
4/1/2020,1,4,12,4110,117,91
4/2/2020,1,4,21,2529,106,97
4/3/2020,1,4,26,2831,108,97
4/4/2020,1,4,30,2984,106,91
4/5/2020,1,4,32,3225,116,95
4/6/2020,1,4,12,3632,110,95
4/7/2020,1,4,28,2628,107,95
4/8/2020,1,4,23,4164,131,93
4/9/2020,1,4,24,3535,118,91
4/10/2020,1,4,20,3249,132,96
4/11/2020,1,4,27,3444,132,91
4/12/2020,1,4,19,3955,122,92
4/13/2020,1,4,15,2885,131,91
4/14/2020,1,4,21,3691,114,97
4/15/2020,1,4,19,3985,117,94
4/16/2020,1,4,26,3754,128,96
4/17/2020,1,4,22,2730,126,97
4/18/2020,1,4,18,3953,112,95
4/19/2020,1,4,27,3163,125,93
4/20/2020,1,4,13,2809,119,94
4/21/2020,1,4,21,3498,117,96
4/22/2020,1,4,21,2995,132,94
4/23/2020,1,4,27,3173,116,96
4/24/2020,1,4,25,4162,119,96
4/25/2020,1,4,25,3988,115,97
4/26/2020,1,4,26,2670,113,95
4/27/2020,1,4,16,3756,117,95
4/28/2020,1,4,24,3947,116,92
4/29/2020,1,4,20,3805,105,97
4/30/2020,1,4,26,2512,110,95
5/1/2020,1,4,26,3306,116,92
5/2/2020,1,4,24,3888,110,95
5/3/2020,1,4,21,2877,130,95
5/4/2020,1,4,21,2807,122,92
5/5/2020,1,4,16,3388,122,97
5/6/2020,1,4,14,2535,105,95
5/7/2020,1,4,18,3683,120,94
5/8/2020,1,4,32,2915,127,94
5/9/2020,1,4,30,3103,117,93
5/10/2020,1,4,25,4166,127,97
5/11/2020,1,4,15,2518,112,95
5/12/2020,1,4,20,3892,122,94
5/13/2020,1,4,18,3151,119,95
5/14/2020,1,4,22,3056,130,97
5/15/2020,1,4,34,3860,121,91
5/16/2020,1,4,21,3393,124,97
5/17/2020,1,4,34,3861,121,94
5/18/2020,1,4,24,2570,121,96
5/19/2020,1,4,22,3015,129,97
5/20/2020,1,4,19,4055,124,95
5/21/2020,1,4,23,2961,124,95
5/22/2020,1,4,29,3257,127,97
5/23/2020,1,4,28,2646,105,96
5/24/2020,1,4,28,3555,124,96
5/25/2020,1,4,15,3456,121,93
5/26/2020,1,4,16,2754,127,94
5/27/2020,1,4,24,2926,109,95
5/28/2020,1,4,21,3327,113,96
5/29/2020,1,4,32,3229,129,94
5/30/2020,1,4,31,3428,131,94
5/31/2020,1,4,29,4157,124,97
6/1/2020,1,4,16,2879,118,94
6/2/2020,1,4,25,2975,130,94
6/3/2020,1,4,24,3309,126,93
6/4/2020,1,4,25,2969,127,91
6/5/2020,1,4,33,3813,106,96
6/6/2020,1,4,26,2843,109,91
6/7/2020,1,4,31,4025,120,93
6/8/2020,1,4,12,4113,105,97
6/9/2020,1,4,30,2603,122,93
6/10/2020,1,4,17,4177,113,94
6/11/2020,1,4,23,3874,113,93
6/12/2020,1,4,16,3901,118,95
6/13/2020,1,4,27,4162,127,92
6/14/2020,1,4,32,2600,114,94
6/15/2020,1,4,21,3780,126,94
6/16/2020,1,4,16,3090,116,94
6/17/2020,1,4,23,3209,112,92
6/18/2020,1,4,21,3734,116,91
6/19/2020,1,4,26,2912,122,95
6/20/2020,1,4,24,4119,132,93
6/21/2020,1,4,26,2759,119,96
6/22/2020,1,4,14,3548,127,93
6/23/2020,1,4,19,3860,128,92
6/24/2020,1,4,21,2990,129,94
6/25/2020,1,4,24,3601,133,96
6/26/2020,1,4,21,3998,118,95
6/27/2020,1,4,29,3808,124,96
6/28/2020,1,4,27,3521,115,93
6/29/2020,1,4,12,3490,105,96
6/30/2020,1,4,25,2744,126,92
7/1/2020,1,4,30,2701,124,94
7/2/2020,1,4,24,3121,104,97
7/3/2020,1,4,30,2545,126,95
7/4/2020,1,4,32,2967,109,97
7/5/2020,1,4,37,3111,118,97
7/6/2020,1,4,17,3656,108,94
7/7/2020,1,4,18,3620,129,95
7/8/2020,1,4,29,3362,118,95
7/9/2020,1,4,20,2914,124,95
7/10/2020,1,4,22,4175,125,92
7/11/2020,1,4,39,3758,113,96
7/12/2020,1,4,16,2912,131,94
7/13/2020,1,4,21,3464,125,92
7/14/2020,1,4,35,3526,130,96
7/15/2020,1,4,16,2765,117,95
7/16/2020,1,4,32,4119,124,91
7/17/2020,1,4,23,3906,124,94
7/18/2020,1,4,18,4167,117,93
7/19/2020,1,4,29,4007,129,93
7/20/2020,1,4,18,3657,126,92
7/21/2020,1,4,19,3868,127,96
7/22/2020,1,4,22,3266,108,96
7/23/2020,1,4,26,2572,104,93
7/24/2020,1,4,26,3344,106,96
7/25/2020,1,4,25,2807,112,97
7/26/2020,1,4,29,3263,119,92
7/27/2020,1,4,14,2590,108,92
7/28/2020,1,4,30,2697,107,97
7/29/2020,1,4,29,2775,111,91
7/30/2020,1,4,30,2643,128,96
7/31/2020,1,4,27,3637,105,94
8/1/2020,1,4,21,3806,119,93
8/2/2020,1,4,24,2893,109,97
8/3/2020,1,4,17,3582,131,93
8/4/2020,1,4,19,2710,112,97
8/5/2020,1,4,27,2606,131,92
8/6/2020,1,4,19,4100,104,95
8/7/2020,1,4,21,2792,120,94
8/8/2020,1,4,19,4088,115,91
8/9/2020,1,4,24,3893,129,97
8/10/2020,1,4,17,2514,112,91
8/11/2020,1,4,19,2665,132,96
8/12/2020,1,4,21,2950,121,91
8/13/2020,1,4,34,3479,125,97
8/14/2020,1,4,16,3870,113,93
8/15/2020,1,4,27,3493,131,93
8/16/2020,1,4,32,3216,131,97
8/17/2020,1,4,26,3095,106,97
8/18/2020,1,4,32,3175,119,95
8/19/2020,1,4,18,2791,106,97
8/20/2020,1,4,13,3971,106,93
8/21/2020,1,4,27,2589,124,95
8/22/2020,1,4,27,3593,128,96
8/23/2020,1,4,30,2632,117,97
8/24/2020,1,4,15,2668,112,92
8/25/2020,1,4,17,2939,108,91
8/26/2020,1,4,16,3153,126,96
8/27/2020,1,4,22,3009,113,95
8/28/2020,1,4,23,3966,122,96
8/29/2020,1,4,23,2872,106,97
8/30/2020,1,4,25,2743,133,93
8/31/2020,1,4,20,2585,109,96
9/1/2020,1,4,18,3876,116,97
9/2/2020,1,4,14,3778,111,91
9/3/2020,1,4,24,2727,117,97
9/4/2020,1,4,20,3476,109,92
9/5/2020,1,4,21,4051,128,94
9/6/2020,1,4,30,2947,125,93
9/7/2020,1,4,16,2739,128,91
9/8/2020,1,4,16,2716,107,95
9/9/2020,1,4,24,3030,105,94
9/10/2020,1,4,20,2611,113,94
9/11/2020,1,4,25,3044,128,91
9/12/2020,1,4,34,2878,117,95
9/13/2020,1,4,23,3751,121,93
9/14/2020,1,4,16,3954,113,93
9/15/2020,1,4,25,3939,110,92
9/16/2020,1,4,26,4035,132,96
9/17/2020,1,4,25,3279,124,91
9/18/2020,1,4,17,4146,114,91
9/19/2020,1,4,31,3534,110,91
9/20/2020,1,4,27,3946,125,91
9/21/2020,1,4,20,3693,106,97
9/22/2020,1,4,16,3486,128,93
9/23/2020,1,4,20,2828,133,93
9/24/2020,1,4,29,2899,111,92
9/25/2020,1,4,13,2741,115,95
9/26/2020,1,4,23,2836,104,92
9/27/2020,1,4,16,3003,111,95
9/28/2020,1,4,25,2739,122,95
9/29/2020,1,4,17,3157,117,91
9/30/2020,1,4,19,4071,112,96
10/1/2020,1,4,21,3123,120,95
10/2/2020,1,4,25,3793,112,95
10/3/2020,1,4,22,4100,132,93
10/4/2020,1,4,28,4143,128,95
10/5/2020,1,4,9,2648,105,92
10/6/2020,1,4,15,2518,115,93
10/7/2020,1,4,23,3222,107,92
10/8/2020,1,4,15,2792,126,96
10/9/2020,1,4,16,3395,123,96
10/10/2020,1,4,17,2794,108,94
10/11/2020,1,4,26,3131,122,94
10/12/2020,1,4,8,2876,109,95
10/13/2020,1,4,18,2783,115,91
10/14/2020,1,4,17,2502,108,92
10/15/2020,1,4,20,3578,126,95
10/16/2020,1,4,24,2612,115,93
10/17/2020,1,4,16,3442,104,97
10/18/2020,1,4,19,3962,122,93
10/19/2020,1,4,16,3724,127,94
10/20/2020,1,4,23,3242,129,91
10/21/2020,1,4,21,4093,116,94
10/22/2020,1,4,27,2901,115,95
10/23/2020,1,4,27,3726,105,91
10/24/2020,1,4,14,3296,125,94
10/25/2020,1,4,36,2737,120,91
10/26/2020,1,4,11,3208,124,93
10/27/2020,1,4,20,3191,133,95
10/28/2020,1,4,20,3930,131,95
10/29/2020,1,4,18,3659,129,94
10/30/2020,1,4,17,3794,105,96
10/31/2020,1,4,15,4022,112,96
11/1/2020,1,4,23,3403,127,94
11/2/2020,1,4,16,3778,126,96
11/3/2020,1,4,19,2785,105,97
11/4/2020,1,4,26,3733,131,95
11/5/2020,1,4,21,4103,129,95
11/6/2020,1,4,17,2934,111,97
11/7/2020,1,4,17,2812,129,93
11/8/2020,1,4,22,3197,129,95
11/9/2020,1,4,19,2654,121,93
11/10/2020,1,4,16,3968,109,95
11/11/2020,1,4,21,3616,133,94
11/12/2020,1,4,21,4163,121,94
11/13/2020,1,4,16,3905,120,96
11/14/2020,1,4,23,3226,110,91
11/15/2020,1,4,27,4001,106,97
11/16/2020,1,4,14,4124,117,92
11/17/2020,1,4,19,2615,119,92
11/18/2020,1,4,9,2863,104,97
11/19/2020,1,4,15,3326,104,92
11/20/2020,1,4,16,3384,118,97
11/21/2020,1,4,17,3327,128,97
11/22/2020,1,4,28,2740,123,93
11/23/2020,1,4,16,3996,119,91
11/24/2020,1,4,23,3168,119,92
11/25/2020,1,4,23,2624,107,91
11/26/2020,1,4,18,2782,123,92
11/27/2020,1,4,28,2509,128,93
11/28/2020,1,4,31,2648,105,91
11/29/2020,1,4,24,3057,112,93
11/30/2020,1,4,20,3360,114,93
12/1/2020,1,4,18,3075,114,91
12/2/2020,1,4,17,2796,108,91
12/3/2020,1,4,12,3092,131,95
12/4/2020,1,4,16,3210,123,95
12/5/2020,1,4,25,2775,110,96
12/6/2020,1,4,16,3012,126,95
12/7/2020,1,4,9,4042,131,97
12/8/2020,1,4,11,3595,130,95
12/9/2020,1,4,13,3111,123,93
12/10/2020,1,4,23,3181,127,92
12/11/2020,1,4,7,4139,104,91
12/12/2020,1,4,18,4112,128,93
12/13/2020,1,4,16,2549,121,97
12/14/2020,1,4,12,3467,120,96
12/15/2020,1,4,11,3022,123,94
12/16/2020,1,4,17,3301,131,95
12/17/2020,1,4,16,4148,128,91
12/18/2020,1,4,24,3987,108,97
12/19/2020,1,4,10,4113,126,95
12/20/2020,1,4,14,3872,132,97
12/21/2020,1,4,11,3529,106,93
12/22/2020,1,4,12,2689,121,96
12/23/2020,1,4,11,4059,109,93
12/24/2020,1,4,16,4002,116,95
12/25/2020,1,4,17,3071,129,93
12/26/2020,1,4,14,3787,121,97
12/27/2020,1,4,18,4070,129,94
12/28/2020,1,4,5,3664,117,97
12/29/2020,1,4,15,4082,121,95
12/30/2020,1,4,15,3626,128,94
12/31/2020,1,4,22,2891,108,92
1/1/2021,1,4,15,2875,111,95
1/2/2021,1,4,15,3542,132,92
1/3/2021,1,4,21,2698,122,97
1/4/2021,1,4,12,2760,111,93
1/5/2021,1,4,12,3270,121,91
1/6/2021,1,4,12,3138,115,91
1/7/2021,1,4,16,2598,131,92
1/8/2021,1,4,10,2985,108,96
1/9/2021,1,4,23,3689,126,97
1/10/2021,1,4,13,3857,117,92
1/11/2021,1,4,11,3457,130,92
1/12/2021,1,4,10,4091,126,93
1/13/2021,1,4,12,2661,130,96
1/14/2021,1,4,14,4007,106,94
1/15/2021,1,4,12,3028,111,97
1/16/2021,1,4,12,3769,108,94
1/17/2021,1,4,19,2838,132,93
1/18/2021,1,4,7,3801,105,95
1/19/2021,1,4,17,3809,122,95
1/20/2021,1,4,14,2540,108,91
1/21/2021,1,4,13,4033,112,94
1/22/2021,1,4,17,3871,126,94
1/23/2021,1,4,10,2867,117,95
1/24/2021,1,4,25,2997,127,93
1/25/2021,1,4,11,3508,113,93
1/26/2021,1,4,12,3344,123,94
1/27/2021,1,4,12,3273,118,94
1/28/2021,1,4,15,3439,123,94
1/29/2021,1,4,19,3529,114,96
1/30/2021,1,4,19,3979,121,93
1/31/2021,1,4,17,3251,129,91
2/1/2021,1,4,10,2750,122,91
2/2/2021,1,4,14,2831,106,91
2/3/2021,1,4,20,3388,111,91
2/4/2021,1,4,20,3486,119,96
2/5/2021,1,4,10,2837,120,91
2/6/2021,1,4,21,3452,127,94
2/7/2021,1,4,17,3907,106,95
2/8/2021,1,4,15,3328,110,94
2/9/2021,1,4,12,3994,126,92
2/10/2021,1,4,25,3474,115,97
2/11/2021,1,4,24,3597,114,95
2/12/2021,1,4,13,3842,112,94
2/13/2021,1,4,17,3311,108,93
2/14/2021,1,4,21,3566,129,91
2/15/2021,1,4,11,2977,128,91
2/16/2021,1,4,8,3021,104,96
2/17/2021,1,4,11,2934,106,91
2/18/2021,1,4,15,3280,108,96
2/19/2021,1,4,24,2777,114,92
2/20/2021,1,4,26,3820,111,96
2/21/2021,1,4,28,3123,123,92
2/22/2021,1,4,13,3778,118,91
2/23/2021,1,4,20,3230,116,92
2/24/2021,1,4,14,2528,132,92
2/25/2021,1,4,15,3078,105,91
2/26/2021,1,4,26,2755,112,96
2/27/2021,1,4,16,3008,114,93
2/28/2021,1,4,14,3406,125,96
2/29/2021,1,4,11,2876,132,95
3/1/2021,1,4,16,2921,127,92
3/2/2021,1,4,21,3995,119,94
3/3/2021,1,4,15,2551,119,92
3/4/2021,1,4,20,2551,118,95
3/5/2021,1,4,20,3965,119,92
3/6/2021,1,4,23,4015,115,93
3/7/2021,1,4,16,2984,129,94
3/8/2021,1,4,18,3295,115,91
3/9/2021,1,4,17,3678,129,94
3/10/2021,1,4,24,3564,116,93
3/11/2021,1,4,20,2801,126,95
3/12/2021,1,4,25,3572,116,94
3/13/2021,1,4,18,2603,124,96
3/14/2021,1,4,10,3864,121,96
3/15/2021,1,4,18,3279,133,91
3/16/2021,1,4,22,3745,109,95
3/17/2021,1,4,24,3268,108,96
3/18/2021,1,4,23,3892,125,95
3/19/2021,1,4,27,2782,129,95
3/20/2021,1,4,18,2560,108,96
3/21/2021,1,4,13,2804,111,97
3/22/2021,1,4,17,3093,116,93
3/23/2021,1,4,20,3676,117,94
3/24/2021,1,4,22,3052,110,93
3/25/2021,1,4,28,3055,127,94
3/26/2021,1,4,12,4155,113,92
3/27/2021,1,4,20,3417,132,95
3/28/2021,1,4,17,3298,112,97
3/29/2021,1,4,16,3254,106,91
3/30/2021,1,4,14,2542,129,95
3/31/2021,1,4,20,2938,107,93
4/1/2021,1,4,26,2618,128,97
4/2/2021,1,4,26,4128,104,92
4/3/2021,1,4,22,4048,120,94
4/4/2021,1,4,18,3330,110,91
4/5/2021,1,4,25,3912,111,96
4/6/2021,1,4,17,4021,128,93
4/7/2021,1,4,25,3547,109,93
4/8/2021,1,4,28,2873,118,96
4/9/2021,1,4,30,2643,119,97
4/10/2021,1,4,21,4146,116,92
4/11/2021,1,4,29,3548,122,92
4/12/2021,1,4,20,2852,111,95
4/13/2021,1,4,20,3865,117,94
4/14/2021,1,4,21,2597,104,96
4/15/2021,1,4,22,2607,107,93
4/16/2021,1,4,27,3871,107,92
4/17/2021,1,4,26,3783,122,92
4/18/2021,1,4,19,3384,113,97
4/19/2021,1,4,22,3999,112,93
4/20/2021,1,4,29,3451,133,92
4/21/2021,1,4,21,3975,111,93
4/22/2021,1,4,23,3174,121,97
4/23/2021,1,4,26,2859,125,96
4/24/2021,1,4,26,2880,131,94
4/25/2021,1,4,18,3758,118,97
4/26/2021,1,4,22,3693,127,92
4/27/2021,1,4,27,4003,128,93
4/28/2021,1,4,20,2697,128,93
4/29/2021,1,4,24,3124,126,93
4/30/2021,1,4,26,4073,111,96
5/1/2021,1,4,22,2579,126,97
5/2/2021,1,4,25,2895,104,97
5/3/2021,1,4,25,4113,126,93
5/4/2021,1,4,20,2967,124,92
5/5/2021,1,4,31,3781,106,94
5/6/2021,1,4,32,3356,128,95
5/7/2021,1,4,24,2558,114,93
5/8/2021,1,4,23,3395,125,93
5/9/2021,1,4,27,3479,108,93
5/10/2021,1,4,29,3760,119,93
5/11/2021,1,4,27,3288,125,91
5/12/2021,1,4,23,3985,116,91
5/13/2021,1,4,25,2569,104,95
5/14/2021,1,4,40,3773,120,93
5/15/2021,1,4,27,3326,113,93
5/16/2021,1,4,24,3075,106,95
5/17/2021,1,4,17,2641,131,91
5/18/2021,1,4,25,3945,123,91
5/19/2021,1,4,19,2908,128,94
5/20/2021,1,4,23,2824,117,91
5/21/2021,1,4,21,3859,110,92
5/22/2021,1,4,29,2766,133,92
5/23/2021,1,4,19,2689,105,96
5/24/2021,1,4,25,3910,133,97
5/25/2021,1,4,28,2835,132,96
5/26/2021,1,4,21,2667,109,93
5/27/2021,1,4,22,3991,113,95
5/28/2021,1,4,22,2635,115,96
5/29/2021,1,4,35,3346,105,91
5/30/2021,1,4,22,2733,128,93
5/31/2021,1,4,27,3230,116,96
6/1/2021,1,4,27,3451,133,96
6/2/2021,1,4,29,3584,126,95
6/3/2021,1,4,25,4011,125,92
6/4/2021,1,4,24,3056,133,94
6/5/2021,1,4,34,3722,130,95
6/6/2021,1,4,27,3731,123,91
6/7/2021,1,4,25,2995,115,94
6/8/2021,1,4,30,2547,115,97
6/9/2021,1,4,27,3560,107,91
6/10/2021,1,4,28,3662,118,94
6/11/2021,1,4,27,3443,104,94
6/12/2021,1,4,32,3346,107,91
6/13/2021,1,4,16,2884,116,91
6/14/2021,1,4,21,3939,132,91
6/15/2021,1,4,29,3538,107,95
6/16/2021,1,4,23,3287,111,97
6/17/2021,1,4,29,3427,110,91
6/18/2021,1,4,30,2906,121,93
6/19/2021,1,4,30,3887,107,91
6/20/2021,1,4,21,2688,119,93
6/21/2021,1,4,25,2724,127,93
6/22/2021,1,4,20,3514,126,92
6/23/2021,1,4,34,3465,119,93
6/24/2021,1,4,24,3328,132,97
6/25/2021,1,4,39,3559,129,92
6/26/2021,1,4,38,3693,123,96
6/27/2021,1,4,28,2811,127,94
6/28/2021,1,4,14,2851,112,96
6/29/2021,1,4,29,2512,114,93
6/30/2021,1,4,25,2542,116,96
7/1/2021,1,4,29,3524,104,96
7/2/2021,1,4,28,3326,118,95
7/3/2021,1,4,19,3367,129,94
7/4/2021,1,4,26,3197,104,92
7/5/2021,1,4,27,3722,104,91
7/6/2021,1,4,23,3113,123,92
7/7/2021,1,4,32,3069,126,93
7/8/2021,1,4,32,3359,117,96
7/9/2021,1,4,30,3361,105,93
7/10/2021,1,4,31,3524,109,93
7/11/2021,1,4,19,3240,131,92
7/12/2021,1,4,25,3133,118,92
7/13/2021,1,4,19,3156,110,92
7/14/2021,1,4,19,2559,117,95
7/15/2021,1,4,35,4177,120,95
7/16/2021,1,4,26,2790,123,95
7/17/2021,1,4,41,2571,128,91
7/18/2021,1,4,27,4160,117,93
7/19/2021,1,4,21,3271,129,92
7/20/2021,1,4,29,3506,127,93
7/21/2021,1,4,27,4062,115,92
7/22/2021,1,4,34,2713,107,96
7/23/2021,1,4,31,3289,105,95
7/24/2021,1,4,40,2739,123,93
7/25/2021,1,4,15,3247,125,93
7/26/2021,1,4,24,3179,133,93
7/27/2021,1,4,33,2577,113,97
7/28/2021,1,4,35,2780,129,91
7/29/2021,1,4,23,2555,117,94
7/30/2021,1,4,25,3388,115,92
7/31/2021,1,4,31,3388,126,97
8/1/2021,1,4,28,2559,132,91
8/2/2021,1,4,29,2764,106,95
8/3/2021,1,4,17,3043,124,92
8/4/2021,1,4,19,3292,104,94
8/5/2021,1,4,31,3729,133,92
8/6/2021,1,4,31,3431,126,97
8/7/2021,1,4,35,2682,125,92
8/8/2021,1,4,15,3416,125,96
8/9/2021,1,4,11,3112,123,92
8/10/2021,1,4,15,3701,130,91
8/11/2021,1,4,28,3036,109,94
8/12/2021,1,4,22,3393,114,91
8/13/2021,1,4,21,3221,127,96
8/14/2021,1,4,29,2572,117,96
8/15/2021,1,4,17,2766,127,91
8/16/2021,1,4,21,2757,115,96
8/17/2021,1,4,16,4008,126,97
8/18/2021,1,4,30,2780,111,91
8/19/2021,1,4,27,2907,108,94
8/20/2021,1,4,27,3666,112,96
8/21/2021,1,4,33,3450,123,96
8/22/2021,1,4,17,2995,128,93
8/23/2021,1,4,18,2871,110,91
8/24/2021,1,4,31,3694,129,97
8/25/2021,1,4,21,3879,130,97
8/26/2021,1,4,28,4194,104,93
8/27/2021,1,4,32,2840,104,91
8/28/2021,1,4,25,3012,112,91
8/29/2021,1,4,23,2569,118,93
8/30/2021,1,4,21,2608,111,96
8/31/2021,1,4,21,3878,117,97
9/1/2021,1,4,13,3528,126,93
9/2/2021,1,4,22,3791,130,96
9/3/2021,1,4,35,2579,105,93
9/4/2021,1,4,23,3411,115,95
9/5/2021,1,4,25,3764,109,92
9/6/2021,1,4,22,4065,106,96
9/7/2021,1,4,18,3610,110,93
9/8/2021,1,4,16,3860,109,95
9/9/2021,1,4,18,4040,116,95
9/10/2021,1,4,24,3452,130,93
9/11/2021,1,4,26,3624,107,94
9/12/2021,1,4,15,3686,121,94
9/13/2021,1,4,22,3442,130,95
9/14/2021,1,4,18,3811,108,97
9/15/2021,1,4,40,2774,121,92
9/16/2021,1,4,25,2954,124,93
9/17/2021,1,4,27,2673,125,96
9/18/2021,1,4,24,3924,111,95
9/19/2021,1,4,21,2987,117,95
9/20/2021,1,4,23,3199,133,97
9/21/2021,1,4,19,3707,124,93
9/22/2021,1,4,21,3902,116,96
9/23/2021,1,4,32,3678,118,92
9/24/2021,1,4,19,3870,109,92
9/25/2021,1,4,31,3459,113,93
9/26/2021,1,4,18,3571,111,94
9/27/2021,1,4,17,2603,108,93
9/28/2021,1,4,26,2900,122,92
9/29/2021,1,4,24,3034,111,94
9/30/2021,1,4,25,2720,125,97
10/1/2021,1,4,25,2693,116,93
10/2/2021,1,4,19,2947,129,94
10/3/2021,1,4,19,3270,121,97
10/4/2021,1,4,12,3482,110,96
10/5/2021,1,4,24,3274,112,95
10/6/2021,1,4,19,3293,124,93
10/7/2021,1,4,16,3086,109,94
10/8/2021,1,4,31,3658,131,97
10/9/2021,1,4,32,2807,131,95
10/10/2021,1,4,23,3877,127,93
10/11/2021,1,4,19,3454,111,97
10/12/2021,1,4,28,3457,131,93
10/13/2021,1,4,25,3129,113,96
10/14/2021,1,4,21,2607,108,94
10/15/2021,1,4,23,3966,105,97
10/16/2021,1,4,27,2568,125,93
10/17/2021,1,4,10,3688,123,91
10/18/2021,1,4,27,3160,116,94
10/19/2021,1,4,17,2909,105,92
10/20/2021,1,4,26,2857,104,94
10/21/2021,1,4,24,2586,105,91
10/22/2021,1,4,35,2506,131,97
10/23/2021,1,4,23,3216,107,93
10/24/2021,1,4,13,3442,109,91
10/25/2021,1,4,25,2817,112,94
10/26/2021,1,4,13,3287,106,96
10/27/2021,1,4,21,4152,113,93
10/28/2021,1,4,31,3143,125,94
10/29/2021,1,4,28,3135,117,94
10/30/2021,1,4,17,3953,128,93
10/31/2021,1,4,14,3234,104,95
11/1/2021,1,4,15,3750,124,95
11/2/2021,1,4,15,3833,127,96
11/3/2021,1,4,22,3894,119,95
11/4/2021,1,4,19,4158,113,94
11/5/2021,1,4,23,2978,118,96
11/6/2021,1,4,29,3640,133,96
11/7/2021,1,4,24,2881,111,91
11/8/2021,1,4,14,3382,106,92
11/9/2021,1,4,19,2875,119,92
11/10/2021,1,4,35,3556,104,95
11/11/2021,1,4,19,2877,122,96
11/12/2021,1,4,26,3630,104,96
11/13/2021,1,4,24,3327,126,96
11/14/2021,1,4,14,2737,111,92
11/15/2021,1,4,15,3458,124,94
11/16/2021,1,4,23,3153,111,95
11/17/2021,1,4,25,3714,131,92
11/18/2021,1,4,21,3157,104,94
11/19/2021,1,4,21,3288,116,94
11/20/2021,1,4,30,3656,131,92
11/21/2021,1,4,14,3015,121,96
11/22/2021,1,4,17,3327,113,93
11/23/2021,1,4,14,2514,109,94
11/24/2021,1,4,23,2986,129,95
11/25/2021,1,4,23,3741,105,94
11/26/2021,1,4,26,3122,128,94
11/27/2021,1,4,24,3384,108,91
11/28/2021,1,4,17,4010,127,93
11/29/2021,1,4,23,2595,124,92
11/30/2021,1,4,29,3627,109,93
12/1/2021,1,4,23,3849,123,94
12/2/2021,1,4,18,4149,129,95
12/3/2021,1,4,22,3557,116,95
12/4/2021,1,4,27,3377,126,92
12/5/2021,1,4,16,3840,119,93
12/6/2021,1,4,16,3803,115,91
12/7/2021,1,4,10,4125,116,94
12/8/2021,1,4,20,3190,115,91
12/9/2021,1,4,22,3451,128,92
12/10/2021,1,4,14,3551,106,91
12/11/2021,1,4,24,3182,105,91
12/12/2021,1,4,15,3247,129,93
12/13/2021,1,4,12,3275,110,96
12/14/2021,1,4,14,3982,132,92
12/15/2021,1,4,15,2991,126,95
12/16/2021,1,4,25,3000,106,94
12/17/2021,1,4,14,3528,132,92
12/18/2021,1,4,25,4136,115,91
12/19/2021,1,4,17,2883,105,96
12/20/2021,1,4,15,3477,120,97
12/21/2021,1,4,16,3735,121,93
12/22/2021,1,4,17,2745,117,97
12/23/2021,1,4,24,4154,111,97
12/24/2021,1,4,14,3729,114,92
12/25/2021,1,4,21,2730,124,96
12/26/2021,1,4,11,3277,124,95
12/27/2021,1,4,15,3486,109,93
12/28/2021,1,4,17,4088,106,94
12/29/2021,1,4,21,2821,131,91
12/30/2021,1,4,20,3227,106,93
12/31/2021,1,4,15,3777,114,93
1/1/2022,1,4,21,3165,115,97
1/2/2022,1,4,15,2581,124,97
1/3/2022,1,4,12,3179,128,91
1/4/2022,1,4,14,3149,126,93
1/5/2022,1,4,10,3935,110,95
1/6/2022,1,4,10,4123,108,97
1/7/2022,1,4,21,4163,120,94
1/8/2022,1,4,16,2685,117,95
1/9/2022,1,4,5,3053,130,94
1/10/2022,1,4,18,3418,130,97
1/11/2022,1,4,16,3496,133,93
1/12/2022,1,4,13,2899,104,97
1/13/2022,1,4,16,2912,111,94
1/14/2022,1,4,19,2781,114,94
1/15/2022,1,4,18,3541,107,97
1/16/2022,1,4,13,4197,106,91
1/17/2022,1,4,19,2533,110,94
1/18/2022,1,4,13,2760,111,97
1/19/2022,1,4,10,3512,107,92
1/20/2022,1,4,19,3504,125,91
1/21/2022,1,4,17,3426,116,97
1/22/2022,1,4,29,3033,110,91
1/23/2022,1,4,18,3220,131,93
1/24/2022,1,4,21,3459,112,91
1/25/2022,1,4,15,3951,113,96
1/26/2022,1,4,13,2926,123,96
1/27/2022,1,4,13,2770,105,95
1/28/2022,1,4,17,3942,123,93
1/29/2022,1,4,20,4159,121,95
1/30/2022,1,4,17,3884,123,95
1/31/2022,1,4,10,3129,120,93
2/1/2022,1,4,15,2754,125,95
2/2/2022,1,4,17,2732,133,94
2/3/2022,1,4,19,3732,112,93
2/4/2022,1,4,18,3265,112,95
2/5/2022,1,4,20,3172,133,95
2/6/2022,1,4,13,4033,117,97
2/7/2022,1,4,13,4112,120,96
2/8/2022,1,4,13,3978,110,91
2/9/2022,1,4,8,3653,110,95
2/10/2022,1,4,20,3803,104,92
2/11/2022,1,4,28,3366,105,91
2/12/2022,1,4,22,3591,118,96
2/13/2022,1,4,15,4105,119,96
2/14/2022,1,4,13,2983,114,96
2/15/2022,1,4,12,3957,115,92
2/16/2022,1,4,15,3671,108,91
2/17/2022,1,4,21,3922,133,94
2/18/2022,1,4,15,3074,126,91
2/19/2022,1,4,32,3310,122,91
2/20/2022,1,4,13,3213,110,94
2/21/2022,1,4,13,2850,114,92
2/22/2022,1,4,16,3768,109,97
2/23/2022,1,4,19,3305,123,96
2/24/2022,1,4,9,3367,105,94
2/25/2022,1,4,9,2995,104,97
2/26/2022,1,4,22,3894,106,91
2/27/2022,1,4,13,3157,120,96
2/28/2022,1,4,21,2559,124,95
3/1/2022,1,4,19,3600,111,91
3/2/2022,1,4,23,3387,119,94
3/3/2022,1,4,25,3509,111,91
3/4/2022,1,4,15,2592,110,95
3/5/2022,1,4,16,4155,109,92
3/6/2022,1,4,12,2533,114,94
3/7/2022,1,4,18,3653,133,97
3/8/2022,1,4,18,3225,121,91
3/9/2022,1,4,25,2672,117,97
3/10/2022,1,4,24,3630,132,93
3/11/2022,1,4,17,2586,125,95
3/12/2022,1,4,22,4135,111,92
3/13/2022,1,4,20,3065,126,91
3/14/2022,1,4,16,3373,130,97
3/15/2022,1,4,21,3801,115,93
3/16/2022,1,4,19,3073,132,96
3/17/2022,1,4,20,2580,121,97
3/18/2022,1,4,27,2931,104,97
3/19/2022,1,4,21,4080,114,97
3/20/2022,1,4,17,3743,104,94
3/21/2022,1,4,27,3863,114,92
3/22/2022,1,4,17,3246,125,94
3/23/2022,1,4,23,3413,129,95
3/24/2022,1,4,18,3461,115,91
3/25/2022,1,4,27,3399,107,94
3/26/2022,1,4,23,3966,109,96
3/27/2022,1,4,19,3575,104,91
3/28/2022,1,4,18,3880,122,91
3/29/2022,1,4,22,3743,115,96
3/30/2022,1,4,17,3117,108,91
3/31/2022,1,4,16,3289,129,96
4/1/2022,1,4,37,2987,112,92
4/2/2022,1,4,28,3652,112,92
4/3/2022,1,4,19,2722,122,95
4/4/2022,1,4,18,3031,124,93
4/5/2022,1,4,16,3952,132,97
4/6/2022,1,4,28,3127,117,96
4/7/2022,1,4,18,2772,110,97
4/8/2022,1,4,28,3996,115,97
4/9/2022,1,4,23,2520,128,94
4/10/2022,1,4,19,3359,109,94
4/11/2022,1,4,28,3553,115,94
4/12/2022,1,4,23,3221,119,97
4/13/2022,1,4,30,3120,121,97
4/14/2022,1,4,19,3778,104,96
4/15/2022,1,4,18,3161,132,97
4/16/2022,1,4,23,3848,122,96
4/17/2022,1,4,15,4198,131,92
4/18/2022,1,4,30,2793,105,94
4/19/2022,1,4,23,3051,124,91
4/20/2022,1,4,29,3657,105,95
4/21/2022,1,4,23,3333,110,94
4/22/2022,1,4,31,3775,132,96
4/23/2022,1,4,36,3042,104,93
4/24/2022,1,4,20,3643,124,96
4/25/2022,1,4,17,3677,119,94
4/26/2022,1,4,16,3486,122,91
4/27/2022,1,4,27,3178,133,93
4/28/2022,1,4,24,3875,119,93
4/29/2022,1,4,26,2564,128,91
4/30/2022,1,4,32,2886,108,96
5/1/2022,1,4,13,3817,120,94
5/2/2022,1,4,26,3599,127,95
5/3/2022,1,4,24,3272,119,93
5/4/2022,1,4,18,3191,127,96
5/5/2022,1,4,23,4141,130,91
5/6/2022,1,4,27,3866,112,94
5/7/2022,1,4,33,2975,116,96
5/8/2022,1,4,11,2914,124,95
5/9/2022,1,4,18,2996,133,97
5/10/2022,1,4,14,3068,126,97
5/11/2022,1,4,33,3633,118,92
5/12/2022,1,4,35,4044,126,97
5/13/2022,1,4,28,2723,127,94
5/14/2022,1,4,17,2859,126,91
5/15/2022,1,4,18,4153,118,97
5/16/2022,1,4,19,3012,110,95
5/17/2022,1,4,23,3835,123,93
5/18/2022,1,4,27,3947,125,97
5/19/2022,1,4,26,3157,107,97
5/20/2022,1,4,33,3570,122,93
5/21/2022,1,4,30,2808,114,92
5/22/2022,1,4,22,3105,110,91
5/23/2022,1,4,22,2762,130,93
5/24/2022,1,4,28,4131,111,91
5/25/2022,1,4,26,3823,121,92
5/26/2022,1,4,33,2654,128,93
5/27/2022,1,4,24,3381,105,91
5/28/2022,1,4,26,3530,111,93
5/29/2022,1,4,14,3188,121,96
5/30/2022,1,4,26,3290,110,96
5/31/2022,1,4,25,3261,106,92
6/1/2022,1,4,22,4169,127,97
6/2/2022,1,4,19,3037,112,93
6/3/2022,1,4,34,4154,123,94
6/4/2022,1,4,36,3836,110,92
6/5/2022,1,4,24,3949,123,92
6/6/2022,1,4,27,3221,114,92
6/7/2022,1,4,20,3191,107,95
6/8/2022,1,4,31,2716,133,97
6/9/2022,1,4,25,3588,112,94
6/10/2022,1,4,40,3386,130,93
6/11/2022,1,4,29,4065,115,91
6/12/2022,1,4,30,3522,124,93
6/13/2022,1,4,28,2909,116,94
6/14/2022,1,4,17,3331,109,93
6/15/2022,1,4,23,2798,120,96
6/16/2022,1,4,27,3045,114,92
6/17/2022,1,4,18,4184,105,91
6/18/2022,1,4,36,2626,121,91
6/19/2022,1,4,22,3352,109,96
6/20/2022,1,4,27,3350,117,94
6/21/2022,1,4,22,4165,107,97
6/22/2022,1,4,27,4092,107,92
6/23/2022,1,4,27,2766,112,96
6/24/2022,1,4,41,2658,109,94
6/25/2022,1,4,34,3432,107,96
6/26/2022,1,4,22,2639,106,95
6/27/2022,1,4,27,3285,104,93
6/28/2022,1,4,18,3323,107,91
6/29/2022,1,4,32,3203,120,96
6/30/2022,1,4,29,3775,122,96
7/1/2022,1,4,37,3106,104,94
7/2/2022,1,4,39,3857,114,93
7/3/2022,1,4,18,3986,124,92
7/4/2022,1,4,30,3709,133,94
7/5/2022,1,4,30,3588,124,92
7/6/2022,1,4,26,3070,121,92
7/7/2022,1,4,35,2804,132,91
7/8/2022,1,4,35,3008,112,94
7/9/2022,1,4,39,2557,110,95
7/10/2022,1,4,17,3839,105,96
7/11/2022,1,4,22,4184,125,96
7/12/2022,1,4,27,2784,106,92
7/13/2022,1,4,35,3714,117,95
7/14/2022,1,4,31,3620,124,96
7/15/2022,1,4,38,3150,130,91
7/16/2022,1,4,26,3984,108,91
7/17/2022,1,4,22,2742,121,91
7/18/2022,1,4,21,3947,132,93
7/19/2022,1,4,22,3399,130,96
7/20/2022,1,4,23,3732,114,92
7/21/2022,1,4,41,3106,106,95
7/22/2022,1,4,28,3162,104,91
7/23/2022,1,4,40,2789,117,95
7/24/2022,1,4,19,3431,111,93
7/25/2022,1,4,29,3939,122,94
7/26/2022,1,4,26,3968,106,94
7/27/2022,1,4,33,3031,118,94
7/28/2022,1,4,40,2614,132,94
7/29/2022,1,4,30,3602,127,91
7/30/2022,1,4,31,4127,132,93
7/31/2022,1,4,27,3040,106,92
8/1/2022,1,4,16,2511,131,95
8/2/2022,1,4,20,3141,121,96
8/3/2022,1,4,24,3818,133,94
8/4/2022,1,4,25,3231,105,94
8/5/2022,1,4,26,3901,114,92
8/6/2022,1,4,23,3131,111,94
8/7/2022,1,4,23,3505,107,92
8/8/2022,1,4,24,3124,112,92
8/9/2022,1,4,26,2784,116,95
8/10/2022,1,4,21,3988,120,92
8/11/2022,1,4,23,3239,125,91
8/12/2022,1,4,39,3134,132,95
8/13/2022,1,4,34,2561,109,91
8/14/2022,1,4,23,3663,131,96
8/15/2022,1,4,16,3836,131,97
8/16/2022,1,4,16,2695,130,94
8/17/2022,1,4,28,2650,108,95
8/18/2022,1,4,31,3116,119,96
8/19/2022,1,4,37,2672,129,95
8/20/2022,1,4,27,2742,131,92
8/21/2022,1,4,16,2679,122,91
8/22/2022,1,4,22,3884,116,97
8/23/2022,1,4,23,2698,120,93
8/24/2022,1,4,33,2621,107,91
8/25/2022,1,4,23,3613,105,92
8/26/2022,1,4,26,2522,114,96
8/27/2022,1,4,43,3724,131,97
8/28/2022,1,4,17,3612,116,93
8/29/2022,1,4,26,3368,107,94
8/30/2022,1,4,22,3146,120,95
8/31/2022,1,4,27,3297,118,93
9/1/2022,1,4,20,3731,129,94
9/2/2022,1,4,22,2590,118,94
9/3/2022,1,4,20,3147,125,95
9/4/2022,1,4,24,4006,128,94
9/5/2022,1,4,20,2949,115,94
9/6/2022,1,4,21,2679,104,93
9/7/2022,1,4,20,3757,108,96
9/8/2022,1,4,20,3440,110,95
9/9/2022,1,4,20,2569,118,97
9/10/2022,1,4,31,3117,117,92
9/11/2022,1,4,15,4065,126,97
9/12/2022,1,4,24,3577,127,93
9/13/2022,1,4,23,4178,130,93
9/14/2022,1,4,26,3747,132,96
9/15/2022,1,4,19,2770,116,95
9/16/2022,1,4,15,4028,110,94
9/17/2022,1,4,22,3825,112,96
9/18/2022,1,4,16,4001,108,96
9/19/2022,1,4,26,2844,112,94
9/20/2022,1,4,22,2743,130,91
9/21/2022,1,4,29,2852,121,96
9/22/2022,1,4,23,3367,118,97
9/23/2022,1,4,27,3461,109,97
9/24/2022,1,4,21,3129,130,93
9/25/2022,1,4,19,2750,113,93
9/26/2022,1,4,19,4181,132,97
9/27/2022,1,4,27,3762,112,91
9/28/2022,1,4,17,3491,106,91
9/29/2022,1,4,19,2543,110,93
9/30/2022,1,4,22,2883,129,94
10/1/2022,1,4,22,2818,112,93
10/2/2022,1,4,21,3658,114,94
10/3/2022,1,4,17,2621,110,92
10/4/2022,1,4,24,3052,118,91
10/5/2022,1,4,25,3845,122,93
10/6/2022,1,4,23,3469,119,94
10/7/2022,1,4,19,3248,115,97
10/8/2022,1,4,21,2940,130,97
10/9/2022,1,4,21,2796,116,92
10/10/2022,1,4,22,3210,119,97
10/11/2022,1,4,26,3107,118,96
10/12/2022,1,4,22,2971,121,91
10/13/2022,1,4,24,3145,120,95
10/14/2022,1,4,26,3670,123,94
10/15/2022,1,4,30,2984,121,97
10/16/2022,1,4,21,3208,111,95
10/17/2022,1,4,14,2811,131,94
10/18/2022,1,4,22,3076,119,92
10/19/2022,1,4,28,2923,119,93
10/20/2022,1,4,20,3656,107,91
10/21/2022,1,4,23,3032,121,94
10/22/2022,1,4,16,3974,118,97
10/23/2022,1,4,17,2643,125,92
10/24/2022,1,4,30,2509,131,91
10/25/2022,1,4,21,3472,132,97
10/26/2022,1,4,17,2760,112,96
10/27/2022,1,4,24,3488,131,97
10/28/2022,1,4,26,3359,108,97
10/29/2022,1,4,31,3295,105,95
10/30/2022,1,4,7,3175,126,97
10/31/2022,1,4,20,3882,121,93
11/1/2022,1,4,23,3132,108,92
11/2/2022,1,4,22,3835,114,94
11/3/2022,1,4,20,4096,130,92
11/4/2022,1,4,17,3039,117,96
11/5/2022,1,4,21,3702,129,94
11/6/2022,1,4,20,3768,110,93
11/7/2022,1,4,25,2782,123,91
11/8/2022,1,4,16,3811,104,94
11/9/2022,1,4,22,3542,115,95
11/10/2022,1,4,31,2994,125,91
11/11/2022,1,4,27,3016,115,91
11/12/2022,1,4,36,2782,122,93
11/13/2022,1,4,16,2838,114,92
11/14/2022,1,4,19,3260,110,93
11/15/2022,1,4,27,2583,129,92
11/16/2022,1,4,21,3782,123,95
11/17/2022,1,4,24,2623,125,93
11/18/2022,1,4,29,3112,115,94
11/19/2022,1,4,30,3120,107,91
11/20/2022,1,4,18,2890,122,92
11/21/2022,1,4,30,2754,119,97
11/22/2022,1,4,24,4179,117,94
11/23/2022,1,4,23,2980,116,97
11/24/2022,1,4,25,3523,133,92
11/25/2022,1,4,29,2974,121,94
11/26/2022,1,4,28,3281,105,92
11/27/2022,1,4,21,4032,127,93
11/28/2022,1,4,23,2511,107,97
11/29/2022,1,4,18,4081,124,92
11/30/2022,1,4,16,4109,114,97
12/1/2022,1,4,23,3603,130,97
12/2/2022,1,4,16,4147,121,97
12/3/2022,1,4,15,4131,122,94
12/4/2022,1,4,10,3214,125,95
12/5/2022,1,4,15,3035,123,96
12/6/2022,1,4,13,2910,116,94
12/7/2022,1,4,14,3943,128,97
12/8/2022,1,4,16,3472,132,92
12/9/2022,1,4,22,2836,129,92
12/10/2022,1,4,18,3931,120,96
12/11/2022,1,4,10,4032,118,95
12/12/2022,1,4,17,3935,106,91
12/13/2022,1,4,11,3951,130,95
12/14/2022,1,4,18,3088,116,97
12/15/2022,1,4,15,2586,117,93
12/16/2022,1,4,19,3514,109,95
12/17/2022,1,4,14,3886,108,92
12/18/2022,1,4,11,2622,119,97
12/19/2022,1,4,17,4193,117,96
12/20/2022,1,4,22,2810,106,96
12/21/2022,1,4,16,2946,108,96
12/22/2022,1,4,16,3394,118,95
12/23/2022,1,4,17,2970,118,92
12/24/2022,1,4,11,3047,110,94
12/25/2022,1,4,11,2560,131,93
12/26/2022,1,4,15,3685,114,95
12/27/2022,1,4,16,4190,124,96
12/28/2022,1,4,20,3194,132,95
12/29/2022,1,4,25,3343,112,93
12/30/2022,1,4,19,3677,108,92
12/31/2022,1,4,15,4065,111,96
1/1/2018,2,4,21,3344,116,92
1/2/2018,2,4,14,2803,116,93
1/3/2018,2,4,12,2861,126,92
1/4/2018,2,4,17,3805,116,97
1/5/2018,2,4,14,3507,113,93
1/6/2018,2,4,17,3828,118,95
1/7/2018,2,4,13,3632,129,94
1/8/2018,2,4,10,3220,128,95
1/9/2018,2,4,11,2766,104,94
1/10/2018,2,4,12,3417,112,96
1/11/2018,2,4,14,2508,111,96
1/12/2018,2,4,17,2794,121,94
1/13/2018,2,4,23,3451,122,91
1/14/2018,2,4,12,3496,129,94
1/15/2018,2,4,10,2984,116,94
1/16/2018,2,4,19,2558,106,96
1/17/2018,2,4,16,4171,110,91
1/18/2018,2,4,13,2884,118,95
1/19/2018,2,4,18,3620,128,91
1/20/2018,2,4,23,2643,111,95
1/21/2018,2,4,11,2902,121,94
1/22/2018,2,4,15,4105,113,96
1/23/2018,2,4,13,3585,109,94
1/24/2018,2,4,14,4099,117,91
1/25/2018,2,4,16,3798,127,94
1/26/2018,2,4,18,3668,111,93
1/27/2018,2,4,18,3774,111,97
1/28/2018,2,4,11,3973,116,95
1/29/2018,2,4,13,3304,123,96
1/30/2018,2,4,16,2545,116,97
1/31/2018,2,4,17,2582,121,97
2/1/2018,2,4,22,2961,125,91
2/2/2018,2,4,21,3795,114,94
2/3/2018,2,4,29,3897,117,91
2/4/2018,2,4,14,2971,133,93
2/5/2018,2,4,9,3279,130,97
2/6/2018,2,4,11,3580,107,93
2/7/2018,2,4,20,4048,107,92
2/8/2018,2,4,18,3488,112,95
2/9/2018,2,4,15,3617,119,92
2/10/2018,2,4,28,3872,124,95
2/11/2018,2,4,19,3560,121,97
2/12/2018,2,4,14,4168,127,92
2/13/2018,2,4,18,3298,124,91
2/14/2018,2,4,17,3587,128,97
2/15/2018,2,4,17,3654,110,92
2/16/2018,2,4,17,3533,116,91
2/17/2018,2,4,23,4131,129,94
2/18/2018,2,4,12,2892,128,91
2/19/2018,2,4,13,3891,126,92
2/20/2018,2,4,13,3325,112,94
2/21/2018,2,4,19,3141,119,96
2/22/2018,2,4,21,2678,132,94
2/23/2018,2,4,15,3861,129,93
2/24/2018,2,4,19,3798,105,93
2/25/2018,2,4,11,3658,115,97
2/26/2018,2,4,18,3498,105,93
2/27/2018,2,4,15,2567,125,92
2/28/2018,2,4,18,2869,112,94
3/1/2018,2,4,24,3598,114,91
3/2/2018,2,4,18,3622,114,97
3/3/2018,2,4,26,3347,130,95
3/4/2018,2,4,14,2771,126,92
3/5/2018,2,4,20,3699,131,91
3/6/2018,2,4,23,2966,123,96
3/7/2018,2,4,23,3731,111,93
3/8/2018,2,4,16,3442,131,97
3/9/2018,2,4,29,2797,111,96
3/10/2018,2,4,19,3078,121,91
3/11/2018,2,4,18,3208,116,96
3/12/2018,2,4,16,4187,119,92
3/13/2018,2,4,20,3834,108,92
3/14/2018,2,4,15,3857,112,93
3/15/2018,2,4,17,2746,115,96
3/16/2018,2,4,18,2866,117,96
3/17/2018,2,4,20,2878,104,94
3/18/2018,2,4,24,4109,112,95
3/19/2018,2,4,35,2786,107,97
3/20/2018,2,4,26,3565,125,91
3/21/2018,2,4,24,3788,118,93
3/22/2018,2,4,21,4157,126,93
3/23/2018,2,4,20,2938,127,91
3/24/2018,2,4,21,3825,122,97
3/25/2018,2,4,20,2868,129,95
3/26/2018,2,4,25,2962,130,97
3/27/2018,2,4,11,3159,120,97
3/28/2018,2,4,16,3147,131,91
3/29/2018,2,4,22,2961,131,92
3/30/2018,2,4,31,2593,106,95
3/31/2018,2,4,23,4040,133,97
4/1/2018,2,4,18,3527,128,93
4/2/2018,2,4,33,3160,121,92
4/3/2018,2,4,23,3921,125,96
4/4/2018,2,4,21,3462,113,97
4/5/2018,2,4,25,2535,125,92
4/6/2018,2,4,25,3127,106,95
4/7/2018,2,4,42,3243,121,95
4/8/2018,2,4,16,3184,104,92
4/9/2018,2,4,20,3139,107,92
4/10/2018,2,4,24,2717,128,92
4/11/2018,2,4,19,2880,116,94
4/12/2018,2,4,35,3283,109,97
4/13/2018,2,4,24,2589,104,97
4/14/2018,2,4,29,3332,125,96
4/15/2018,2,4,22,3946,124,92
4/16/2018,2,4,29,3978,120,96
4/17/2018,2,4,11,2697,105,96
4/18/2018,2,4,16,2922,104,95
4/19/2018,2,4,34,3191,126,92
4/20/2018,2,4,38,3834,131,94
4/21/2018,2,4,37,3818,113,94
4/22/2018,2,4,21,4159,131,92
4/23/2018,2,4,29,3025,119,91
4/24/2018,2,4,29,2604,132,94
4/25/2018,2,4,17,3983,121,91
4/26/2018,2,4,26,2604,113,93
4/27/2018,2,4,31,4007,120,94
4/28/2018,2,4,28,2646,124,95
4/29/2018,2,4,18,2796,117,95
4/30/2018,2,4,17,4052,114,92
5/1/2018,2,4,30,2781,114,96
5/2/2018,2,4,24,2901,115,96
5/3/2018,2,4,27,4145,113,95
5/4/2018,2,4,29,3487,113,97
5/5/2018,2,4,33,3936,130,95
5/6/2018,2,4,18,3112,125,96
5/7/2018,2,4,14,3790,111,97
5/8/2018,2,4,25,4101,118,93
5/9/2018,2,4,21,4143,121,94
5/10/2018,2,4,26,3199,121,94
5/11/2018,2,4,32,4181,119,92
5/12/2018,2,4,25,4024,112,97
5/13/2018,2,4,19,3329,106,93
5/14/2018,2,4,32,3862,131,96
5/15/2018,2,4,29,2535,123,93
5/16/2018,2,4,25,2645,125,97
5/17/2018,2,4,26,2701,116,96
5/18/2018,2,4,21,3811,110,92
5/19/2018,2,4,31,2749,118,96
5/20/2018,2,4,17,3132,112,91
5/21/2018,2,4,23,3163,108,96
5/22/2018,2,4,29,2601,108,96
5/23/2018,2,4,16,2508,120,93
5/24/2018,2,4,24,3432,120,96
5/25/2018,2,4,31,2531,129,95
5/26/2018,2,4,24,4138,105,96
5/27/2018,2,4,27,3414,111,95
5/28/2018,2,4,31,3356,105,97
5/29/2018,2,4,26,3390,120,91
5/30/2018,2,4,25,3521,113,96
5/31/2018,2,4,23,4048,130,93
6/1/2018,2,4,38,3443,124,91
6/2/2018,2,4,33,3243,131,95
6/3/2018,2,4,20,3841,118,94
6/4/2018,2,4,30,3817,111,94
6/5/2018,2,4,32,4162,106,94
6/6/2018,2,4,34,3258,108,93
6/7/2018,2,4,32,3827,117,96
6/8/2018,2,4,32,3895,121,96
6/9/2018,2,4,33,3394,131,92
6/10/2018,2,4,36,2542,125,97
6/11/2018,2,4,33,3632,115,94
6/12/2018,2,4,25,4105,123,95
6/13/2018,2,4,31,2988,108,91
6/14/2018,2,4,25,3036,116,95
6/15/2018,2,4,30,2692,121,93
6/16/2018,2,4,24,2732,116,93
6/17/2018,2,4,19,3432,124,97
6/18/2018,2,4,25,2676,122,92
6/19/2018,2,4,17,3587,106,97
6/20/2018,2,4,34,3887,116,95
6/21/2018,2,4,31,3246,122,95
6/22/2018,2,4,30,4150,124,96
6/23/2018,2,4,34,2907,117,97
6/24/2018,2,4,29,2630,117,94
6/25/2018,2,4,29,3663,112,92
6/26/2018,2,4,31,3113,124,91
6/27/2018,2,4,18,4038,108,93
6/28/2018,2,4,27,4156,133,93
6/29/2018,2,4,39,4117,132,96
6/30/2018,2,4,35,4030,131,97
7/1/2018,2,4,21,3588,133,94
7/2/2018,2,4,33,4072,115,97
7/3/2018,2,4,24,3097,118,91
7/4/2018,2,4,30,3309,121,97
7/5/2018,2,4,29,3285,130,92
7/6/2018,2,4,26,3758,130,95
7/7/2018,2,4,40,2862,126,96
7/8/2018,2,4,21,2510,118,95
7/9/2018,2,4,32,4124,132,93
7/10/2018,2,4,27,2577,119,93
7/11/2018,2,4,25,2944,104,91
7/12/2018,2,4,43,2583,106,97
7/13/2018,2,4,36,4176,104,91
7/14/2018,2,4,40,3884,113,95
7/15/2018,2,4,31,3802,127,93
7/16/2018,2,4,31,3052,121,94
7/17/2018,2,4,29,2869,127,97
7/18/2018,2,4,24,3358,126,96
7/19/2018,2,4,27,2709,126,92
7/20/2018,2,4,35,3428,130,94
7/21/2018,2,4,38,4133,119,91
7/22/2018,2,4,23,4005,106,92
7/23/2018,2,4,25,4192,121,97
7/24/2018,2,4,25,2946,113,91
7/25/2018,2,4,22,3670,106,91
7/26/2018,2,4,34,3860,108,97
7/27/2018,2,4,32,3406,105,92
7/28/2018,2,4,28,2667,115,96
7/29/2018,2,4,29,3358,110,96
7/30/2018,2,4,30,3136,109,95
7/31/2018,2,4,34,2602,119,91
8/1/2018,2,4,29,2789,117,91
8/2/2018,2,4,24,3377,106,92
8/3/2018,2,4,29,2643,119,93
8/4/2018,2,4,36,4097,121,95
8/5/2018,2,4,22,3900,117,95
8/6/2018,2,4,21,2913,112,97
8/7/2018,2,4,26,4171,107,96
8/8/2018,2,4,25,2602,119,94
8/9/2018,2,4,26,3298,126,94
8/10/2018,2,4,36,3045,118,94
8/11/2018,2,4,37,2559,116,92
8/12/2018,2,4,21,2561,113,95
8/13/2018,2,4,28,2760,123,95
8/14/2018,2,4,26,2565,128,95
8/15/2018,2,4,37,3750,124,92
8/16/2018,2,4,30,3809,114,91
8/17/2018,2,4,36,4018,114,97
8/18/2018,2,4,29,2919,125,97
8/19/2018,2,4,22,4050,105,91
8/20/2018,2,4,21,2723,128,92
8/21/2018,2,4,23,3011,116,96
8/22/2018,2,4,22,3215,106,92
8/23/2018,2,4,31,3923,124,91
8/24/2018,2,4,28,3679,116,92
8/25/2018,2,4,38,3250,127,95
8/26/2018,2,4,20,3198,131,96
8/27/2018,2,4,23,2559,131,91
8/28/2018,2,4,26,3552,105,93
8/29/2018,2,4,32,3625,126,93
8/30/2018,2,4,40,3947,133,91
8/31/2018,2,4,26,4026,125,96
9/1/2018,2,4,29,2847,111,92
9/2/2018,2,4,23,4048,121,93
9/3/2018,2,4,28,3002,113,91
9/4/2018,2,4,23,2785,124,97
9/5/2018,2,4,28,3392,111,91
9/6/2018,2,4,36,3488,131,96
9/7/2018,2,4,24,3125,132,97
9/8/2018,2,4,37,2738,108,93
9/9/2018,2,4,19,3133,130,94
9/10/2018,2,4,28,2969,113,96
9/11/2018,2,4,29,3253,129,94
9/12/2018,2,4,26,3840,113,96
9/13/2018,2,4,28,3133,106,91
9/14/2018,2,4,23,2683,107,92
9/15/2018,2,4,26,2838,130,95
9/16/2018,2,4,18,2991,115,92
9/17/2018,2,4,19,2651,127,97
9/18/2018,2,4,21,3473,126,94
9/19/2018,2,4,24,3532,112,95
9/20/2018,2,4,21,2724,115,95
9/21/2018,2,4,32,3970,123,91
9/22/2018,2,4,25,2510,130,94
9/23/2018,2,4,17,3963,129,95
9/24/2018,2,4,18,3383,127,95
9/25/2018,2,4,28,3742,106,94
9/26/2018,2,4,31,3180,125,97
9/27/2018,2,4,23,3209,109,97
9/28/2018,2,4,31,2871,122,97
9/29/2018,2,4,30,3624,129,91
9/30/2018,2,4,21,3569,114,93
10/1/2018,2,4,23,3462,106,96
10/2/2018,2,4,25,3403,109,92
10/3/2018,2,4,13,2610,110,93
10/4/2018,2,4,29,4149,133,93
10/5/2018,2,4,40,3718,125,94
10/6/2018,2,4,33,3953,107,94
10/7/2018,2,4,27,2908,130,92
10/8/2018,2,4,27,3024,109,91
10/9/2018,2,4,25,3270,117,96
10/10/2018,2,4,25,3135,112,92
10/11/2018,2,4,27,4078,114,96
10/12/2018,2,4,20,2919,124,96
10/13/2018,2,4,23,2526,131,96
10/14/2018,2,4,20,3251,130,97
10/15/2018,2,4,22,2568,130,93
10/16/2018,2,4,22,2771,109,92
10/17/2018,2,4,22,3571,126,96
10/18/2018,2,4,23,3985,128,96
10/19/2018,2,4,17,3533,113,93
10/20/2018,2,4,26,4161,118,93
10/21/2018,2,4,12,3729,107,96
10/22/2018,2,4,18,2578,128,96
10/23/2018,2,4,18,3525,116,96
10/24/2018,2,4,19,2576,125,96
10/25/2018,2,4,20,3072,119,97
10/26/2018,2,4,18,3447,128,97
10/27/2018,2,4,35,3496,105,96
10/28/2018,2,4,17,2670,107,92
10/29/2018,2,4,20,3260,133,97
10/30/2018,2,4,21,2628,122,97
10/31/2018,2,4,26,3696,111,91
11/1/2018,2,4,34,2515,108,91
11/2/2018,2,4,27,3086,106,96
11/3/2018,2,4,22,3741,117,96
11/4/2018,2,4,17,2576,127,93
11/5/2018,2,4,20,2795,117,91
11/6/2018,2,4,13,3072,104,92
11/7/2018,2,4,32,3378,116,93
11/8/2018,2,4,26,3720,112,95
11/9/2018,2,4,30,3010,129,93
11/10/2018,2,4,32,2629,108,97
11/11/2018,2,4,17,3064,116,97
11/12/2018,2,4,21,2700,107,94
11/13/2018,2,4,25,4185,107,92
11/14/2018,2,4,21,4099,132,96
11/15/2018,2,4,28,3694,118,93
11/16/2018,2,4,29,4072,121,93
11/17/2018,2,4,28,2999,108,97
11/18/2018,2,4,21,3247,106,96
11/19/2018,2,4,27,3903,108,95
11/20/2018,2,4,27,4043,133,94
11/21/2018,2,4,25,2922,126,97
11/22/2018,2,4,24,2507,129,91
11/23/2018,2,4,29,3724,106,94
11/24/2018,2,4,38,3210,127,92
11/25/2018,2,4,25,4091,123,92
11/26/2018,2,4,18,2933,117,93
11/27/2018,2,4,24,3652,128,94
11/28/2018,2,4,19,2827,128,93
11/29/2018,2,4,26,3891,115,91
11/30/2018,2,4,30,2526,104,92
12/1/2018,2,4,16,3825,132,95
12/2/2018,2,4,19,3616,130,96
12/3/2018,2,4,14,2732,131,96
12/4/2018,2,4,15,3240,104,97
12/5/2018,2,4,29,2809,129,95
12/6/2018,2,4,19,2840,108,93
12/7/2018,2,4,19,2598,131,95
12/8/2018,2,4,21,3854,124,91
12/9/2018,2,4,8,3020,104,94
12/10/2018,2,4,12,3952,121,92
12/11/2018,2,4,19,3757,130,93
12/12/2018,2,4,10,4008,107,97
12/13/2018,2,4,14,3103,125,93
12/14/2018,2,4,21,2696,114,93
12/15/2018,2,4,20,2967,106,93
12/16/2018,2,4,15,3427,129,93
12/17/2018,2,4,15,2926,108,97
12/18/2018,2,4,10,2731,104,95
12/19/2018,2,4,15,3896,104,97
12/20/2018,2,4,15,2757,133,94
12/21/2018,2,4,22,2725,118,95
12/22/2018,2,4,26,3805,127,94
12/23/2018,2,4,14,3385,127,91
12/24/2018,2,4,12,2872,130,92
12/25/2018,2,4,20,3160,128,93
12/26/2018,2,4,16,3292,123,93
12/27/2018,2,4,23,4150,125,95
12/28/2018,2,4,16,3015,131,95
12/29/2018,2,4,24,2698,120,97
12/30/2018,2,4,8,3469,130,94
12/31/2018,2,4,20,3576,132,93
1/1/2019,2,4,14,2655,133,94
1/2/2019,2,4,19,3056,104,91
1/3/2019,2,4,14,2942,120,95
1/4/2019,2,4,18,4096,130,93
1/5/2019,2,4,17,2647,110,92
1/6/2019,2,4,13,2646,122,91
1/7/2019,2,4,16,2591,105,95
1/8/2019,2,4,12,4166,109,95
1/9/2019,2,4,17,4147,127,95
1/10/2019,2,4,20,2647,104,97
1/11/2019,2,4,23,3022,116,93
1/12/2019,2,4,18,3268,115,94
1/13/2019,2,4,12,3935,104,93
1/14/2019,2,4,12,2725,109,93
1/15/2019,2,4,16,3841,120,91
1/16/2019,2,4,14,2961,130,93
1/17/2019,2,4,22,3746,124,97
1/18/2019,2,4,22,3682,129,91
1/19/2019,2,4,14,3180,120,93
1/20/2019,2,4,14,3518,110,97
1/21/2019,2,4,20,3892,119,93
1/22/2019,2,4,23,2730,113,96
1/23/2019,2,4,21,2560,114,91
1/24/2019,2,4,16,4123,122,93
1/25/2019,2,4,16,3026,125,97
1/26/2019,2,4,17,3027,116,94
1/27/2019,2,4,8,2599,122,97
1/28/2019,2,4,23,3299,132,92
1/29/2019,2,4,23,3155,130,94
1/30/2019,2,4,20,2558,110,93
1/31/2019,2,4,24,3108,115,97
2/1/2019,2,4,16,2701,117,92
2/2/2019,2,4,23,3417,108,96
2/3/2019,2,4,15,3417,116,93
2/4/2019,2,4,19,2713,120,91
2/5/2019,2,4,13,2528,113,93
2/6/2019,2,4,18,3760,108,97
2/7/2019,2,4,29,3409,121,95
2/8/2019,2,4,26,2763,120,94
2/9/2019,2,4,21,3750,131,95
2/10/2019,2,4,15,2882,107,91
2/11/2019,2,4,13,3149,107,94
2/12/2019,2,4,24,3847,118,94
2/13/2019,2,4,15,2842,107,96
2/14/2019,2,4,17,2548,133,92
2/15/2019,2,4,25,2609,122,94
2/16/2019,2,4,29,2625,123,94
2/17/2019,2,4,11,3959,104,96
2/18/2019,2,4,15,2729,133,94
2/19/2019,2,4,21,3727,117,95
2/20/2019,2,4,22,4149,105,97
2/21/2019,2,4,20,2707,112,92
2/22/2019,2,4,16,3913,105,94
2/23/2019,2,4,31,3628,118,93
2/24/2019,2,4,20,3332,107,93
2/25/2019,2,4,15,4085,111,95
2/26/2019,2,4,24,3756,127,92
2/27/2019,2,4,18,4176,112,97
2/28/2019,2,4,18,3133,130,94
3/1/2019,2,4,24,2672,127,91
3/2/2019,2,4,24,2781,113,95
3/3/2019,2,4,23,2668,115,95
3/4/2019,2,4,20,4017,115,93
3/5/2019,2,4,26,3734,105,97
3/6/2019,2,4,28,4197,127,95
3/7/2019,2,4,31,3599,106,91
3/8/2019,2,4,24,2719,115,91
3/9/2019,2,4,17,3997,128,95
3/10/2019,2,4,19,3155,128,93
3/11/2019,2,4,20,4093,112,91
3/12/2019,2,4,17,2743,110,97
3/13/2019,2,4,22,3245,116,97
3/14/2019,2,4,27,3164,128,92
3/15/2019,2,4,18,4086,126,93
3/16/2019,2,4,35,3499,130,97
3/17/2019,2,4,26,2675,111,93
3/18/2019,2,4,23,2986,117,91
3/19/2019,2,4,29,2969,124,97
3/20/2019,2,4,27,3382,132,93
3/21/2019,2,4,22,3457,118,97
3/22/2019,2,4,23,3104,115,91
3/23/2019,2,4,39,2761,119,94
3/24/2019,2,4,18,3319,126,97
3/25/2019,2,4,20,2694,132,93
3/26/2019,2,4,24,2585,107,95
3/27/2019,2,4,20,2863,121,93
3/28/2019,2,4,25,3319,109,92
3/29/2019,2,4,22,2528,113,95
3/30/2019,2,4,22,3917,117,94
3/31/2019,2,4,23,3629,118,91
4/1/2019,2,4,25,3083,124,96
4/2/2019,2,4,17,3150,127,95
4/3/2019,2,4,35,2703,118,96
4/4/2019,2,4,26,2723,116,97
4/5/2019,2,4,25,3867,133,96
4/6/2019,2,4,41,3732,129,96
4/7/2019,2,4,24,3262,133,95
4/8/2019,2,4,34,3982,108,91
4/9/2019,2,4,33,3595,127,92
4/10/2019,2,4,24,2605,105,92
4/11/2019,2,4,28,3658,114,96
4/12/2019,2,4,35,3660,119,93
4/13/2019,2,4,33,2541,129,92
4/14/2019,2,4,26,3556,126,96
4/15/2019,2,4,31,3334,132,95
4/16/2019,2,4,24,2754,118,94
4/17/2019,2,4,20,3474,129,95
4/18/2019,2,4,29,2840,113,97
4/19/2019,2,4,29,3791,125,92
4/20/2019,2,4,36,2770,108,92
4/21/2019,2,4,21,3109,109,97
4/22/2019,2,4,19,3816,125,92
4/23/2019,2,4,26,3188,120,93
4/24/2019,2,4,32,2573,131,93
4/25/2019,2,4,32,3958,115,92
4/26/2019,2,4,30,2557,106,96
4/27/2019,2,4,51,3427,122,92
4/28/2019,2,4,32,3059,126,96
4/29/2019,2,4,33,3098,131,94
4/30/2019,2,4,25,3924,113,94
5/1/2019,2,4,36,3158,116,92
5/2/2019,2,4,35,2936,117,95
5/3/2019,2,4,31,2667,131,92
5/4/2019,2,4,33,4090,111,91
5/5/2019,2,4,17,3809,107,93
5/6/2019,2,4,24,3039,108,93
5/7/2019,2,4,28,3210,123,94
5/8/2019,2,4,33,3608,133,94
5/9/2019,2,4,28,3738,131,95
5/10/2019,2,4,43,2855,114,93
5/11/2019,2,4,34,3533,127,92
5/12/2019,2,4,28,3724,130,91
5/13/2019,2,4,30,3571,129,96
5/14/2019,2,4,29,2873,122,92
5/15/2019,2,4,25,4094,130,95
5/16/2019,2,4,34,3294,114,91
5/17/2019,2,4,36,2860,127,92
5/18/2019,2,4,37,4195,123,94
5/19/2019,2,4,30,2970,122,97
5/20/2019,2,4,27,2864,129,97
5/21/2019,2,4,28,3494,119,91
5/22/2019,2,4,36,4066,125,94
5/23/2019,2,4,33,3289,118,96
5/24/2019,2,4,33,4044,104,94
5/25/2019,2,4,41,2559,128,92
5/26/2019,2,4,22,2773,108,93
5/27/2019,2,4,23,3694,131,97
5/28/2019,2,4,29,2998,111,91
5/29/2019,2,4,35,3576,111,91
5/30/2019,2,4,29,3216,115,97
5/31/2019,2,4,27,3333,105,96
6/1/2019,2,4,52,3471,104,96
6/2/2019,2,4,20,3525,124,94
6/3/2019,2,4,30,3809,129,97
6/4/2019,2,4,29,3866,112,97
6/5/2019,2,4,29,3882,130,96
6/6/2019,2,4,46,4192,122,97
6/7/2019,2,4,26,2754,113,91
6/8/2019,2,4,34,2621,129,92
6/9/2019,2,4,27,2742,122,92
6/10/2019,2,4,33,3899,107,96
6/11/2019,2,4,35,2965,110,92
6/12/2019,2,4,37,3757,105,94
6/13/2019,2,4,25,2585,131,95
6/14/2019,2,4,30,2885,128,95
6/15/2019,2,4,44,3769,124,94
6/16/2019,2,4,33,4097,125,92
6/17/2019,2,4,41,2578,118,96
6/18/2019,2,4,33,3049,128,94
6/19/2019,2,4,31,3338,132,91
6/20/2019,2,4,39,3022,114,94
6/21/2019,2,4,40,2859,129,91
6/22/2019,2,4,41,2985,115,95
6/23/2019,2,4,28,4165,115,92
6/24/2019,2,4,27,3417,110,97
6/25/2019,2,4,31,3431,108,97
6/26/2019,2,4,45,3537,133,91
6/27/2019,2,4,29,3681,126,97
6/28/2019,2,4,40,4062,127,92
6/29/2019,2,4,36,3619,116,92
6/30/2019,2,4,31,3856,129,93
7/1/2019,2,4,45,3326,131,92
7/2/2019,2,4,32,3759,127,91
7/3/2019,2,4,36,3107,126,96
7/4/2019,2,4,27,3198,110,93
7/5/2019,2,4,42,2842,130,92
7/6/2019,2,4,44,3832,130,93
7/7/2019,2,4,20,3161,105,93
7/8/2019,2,4,31,3988,106,92
7/9/2019,2,4,38,3697,123,92
7/10/2019,2,4,32,2677,133,91
7/11/2019,2,4,32,2848,118,92
7/12/2019,2,4,29,2808,104,94
7/13/2019,2,4,42,3278,121,96
7/14/2019,2,4,37,2772,112,97
7/15/2019,2,4,37,2859,115,93
7/16/2019,2,4,32,2971,120,96
7/17/2019,2,4,43,3495,126,97
7/18/2019,2,4,46,3656,113,91
7/19/2019,2,4,39,3207,132,93
7/20/2019,2,4,39,3172,113,96
7/21/2019,2,4,33,3738,132,93
7/22/2019,2,4,21,2705,117,93
7/23/2019,2,4,38,3144,130,96
7/24/2019,2,4,36,2628,105,95
7/25/2019,2,4,36,2682,127,93
7/26/2019,2,4,41,3058,133,93
7/27/2019,2,4,47,3192,121,95
7/28/2019,2,4,19,2840,118,94
7/29/2019,2,4,30,3246,113,97
7/30/2019,2,4,20,3893,111,96
7/31/2019,2,4,35,2962,108,97
8/1/2019,2,4,29,3661,132,92
8/2/2019,2,4,43,3033,109,92
8/3/2019,2,4,37,2957,104,93
8/4/2019,2,4,25,3312,130,93
8/5/2019,2,4,27,3265,119,96
8/6/2019,2,4,36,3509,124,95
8/7/2019,2,4,36,3194,118,94
8/8/2019,2,4,26,3302,118,91
8/9/2019,2,4,39,2725,122,94
8/10/2019,2,4,34,3852,112,94
8/11/2019,2,4,27,3582,107,95
8/12/2019,2,4,30,2902,114,91
8/13/2019,2,4,33,3425,104,95
8/14/2019,2,4,28,3284,116,94
8/15/2019,2,4,20,2726,116,93
8/16/2019,2,4,29,3233,114,94
8/17/2019,2,4,45,2820,120,93
8/18/2019,2,4,25,3049,119,92
8/19/2019,2,4,26,2849,111,91
8/20/2019,2,4,25,2937,116,97
8/21/2019,2,4,29,4098,126,93
8/22/2019,2,4,27,3092,129,92
8/23/2019,2,4,30,3490,133,94
8/24/2019,2,4,36,2974,105,93
8/25/2019,2,4,30,3196,104,92
8/26/2019,2,4,24,3786,112,93
8/27/2019,2,4,29,3528,115,93
8/28/2019,2,4,24,2980,125,91
8/29/2019,2,4,29,2747,119,92
8/30/2019,2,4,40,3503,126,95
8/31/2019,2,4,37,2732,132,96
9/1/2019,2,4,22,4084,112,96
9/2/2019,2,4,29,3574,132,94
9/3/2019,2,4,24,2752,119,96
9/4/2019,2,4,17,3403,106,94
9/5/2019,2,4,32,3953,118,96
9/6/2019,2,4,34,3619,131,93
9/7/2019,2,4,33,2766,126,96
9/8/2019,2,4,27,2712,104,93
9/9/2019,2,4,24,3627,112,95
9/10/2019,2,4,27,4063,128,92
9/11/2019,2,4,26,4074,106,96
9/12/2019,2,4,27,4068,128,94
9/13/2019,2,4,31,3074,126,91
9/14/2019,2,4,32,3107,131,97
9/15/2019,2,4,20,2866,130,93
9/16/2019,2,4,25,3054,109,97
9/17/2019,2,4,28,4112,124,96
9/18/2019,2,4,41,3845,109,96
9/19/2019,2,4,29,2694,121,92
9/20/2019,2,4,23,3090,131,91
9/21/2019,2,4,32,3814,129,96
9/22/2019,2,4,25,3775,112,94
9/23/2019,2,4,25,2842,113,91
9/24/2019,2,4,26,3686,109,93
9/25/2019,2,4,31,2706,129,95
9/26/2019,2,4,25,3244,114,92
9/27/2019,2,4,31,3284,129,97
9/28/2019,2,4,30,4052,131,97
9/29/2019,2,4,31,4199,127,95
9/30/2019,2,4,26,3193,114,92
10/1/2019,2,4,30,2710,108,96
10/2/2019,2,4,22,3143,126,91
10/3/2019,2,4,27,3657,110,94
10/4/2019,2,4,29,3750,133,95
10/5/2019,2,4,34,2761,116,91
10/6/2019,2,4,20,2813,133,92
10/7/2019,2,4,22,4155,118,95
10/8/2019,2,4,30,3739,111,97
10/9/2019,2,4,21,2846,117,92
10/10/2019,2,4,29,2938,115,92
10/11/2019,2,4,23,2827,115,94
10/12/2019,2,4,27,2684,128,95
10/13/2019,2,4,17,2595,131,97
10/14/2019,2,4,30,3038,114,97
10/15/2019,2,4,27,3704,127,93
10/16/2019,2,4,27,3493,108,92
10/17/2019,2,4,33,3039,129,95
10/18/2019,2,4,23,2728,125,91
10/19/2019,2,4,33,3967,108,97
10/20/2019,2,4,22,2731,129,94
10/21/2019,2,4,29,3849,109,93
10/22/2019,2,4,28,2987,113,96
10/23/2019,2,4,25,3203,125,93
10/24/2019,2,4,18,3460,121,97
10/25/2019,2,4,34,3218,106,94
10/26/2019,2,4,28,3422,118,94
10/27/2019,2,4,14,3098,104,95
10/28/2019,2,4,29,3338,129,97
10/29/2019,2,4,28,3794,120,91
10/30/2019,2,4,21,3226,126,92
10/31/2019,2,4,23,3627,107,91
11/1/2019,2,4,20,2860,122,97
11/2/2019,2,4,36,3443,108,92
11/3/2019,2,4,22,3104,133,96
11/4/2019,2,4,32,4054,133,97
11/5/2019,2,4,43,2809,104,92
11/6/2019,2,4,31,3484,107,92
11/7/2019,2,4,32,2885,121,95
11/8/2019,2,4,26,2639,111,94
11/9/2019,2,4,42,3688,106,94
11/10/2019,2,4,17,3114,123,91
11/11/2019,2,4,21,3314,123,94
11/12/2019,2,4,24,2802,116,92
11/13/2019,2,4,28,3644,120,97
11/14/2019,2,4,27,3594,109,92
11/15/2019,2,4,28,3005,131,94
11/16/2019,2,4,27,3304,112,96
11/17/2019,2,4,24,4162,107,91
11/18/2019,2,4,22,3521,109,97
11/19/2019,2,4,25,2642,113,92
11/20/2019,2,4,37,3850,109,97
11/21/2019,2,4,32,3456,126,93
11/22/2019,2,4,30,3734,121,96
11/23/2019,2,4,41,3894,113,97
11/24/2019,2,4,22,2892,116,92
11/25/2019,2,4,19,2944,119,92
11/26/2019,2,4,25,4122,130,92
11/27/2019,2,4,31,2920,104,91
11/28/2019,2,4,28,3377,127,92
11/29/2019,2,4,16,2759,108,91
11/30/2019,2,4,26,4038,116,94
12/1/2019,2,4,15,2716,129,97
12/2/2019,2,4,22,3586,133,95
12/3/2019,2,4,19,3976,132,91
12/4/2019,2,4,20,3842,120,97
12/5/2019,2,4,30,3212,123,94
12/6/2019,2,4,21,2523,109,93
12/7/2019,2,4,22,3858,117,94
12/8/2019,2,4,17,3180,108,95
12/9/2019,2,4,15,3675,126,94
12/10/2019,2,4,27,3255,110,97
12/11/2019,2,4,18,3318,109,92
12/12/2019,2,4,24,3689,132,91
12/13/2019,2,4,20,3479,131,91
12/14/2019,2,4,26,2573,110,93
12/15/2019,2,4,16,2736,104,95
12/16/2019,2,4,28,2572,121,94
12/17/2019,2,4,19,3713,118,94
12/18/2019,2,4,17,3078,107,95
12/19/2019,2,4,13,3516,118,92
12/20/2019,2,4,22,3601,120,97
12/21/2019,2,4,30,2765,127,96
12/22/2019,2,4,20,3172,120,92
12/23/2019,2,4,21,4098,129,93
12/24/2019,2,4,18,2565,130,91
12/25/2019,2,4,15,3356,122,93
12/26/2019,2,4,15,3314,112,97
12/27/2019,2,4,19,3481,132,93
12/28/2019,2,4,18,3422,125,97
12/29/2019,2,4,20,2729,127,97
12/30/2019,2,4,18,3673,104,94
12/31/2019,2,4,14,3028,133,95
1/1/2020,2,4,23,3929,128,91
1/2/2020,2,4,21,3997,110,91
1/3/2020,2,4,20,2782,111,97
1/4/2020,2,4,21,3398,113,92
1/5/2020,2,4,13,3159,117,96
1/6/2020,2,4,13,3280,109,94
1/7/2020,2,4,22,3487,108,97
1/8/2020,2,4,18,2667,126,96
1/9/2020,2,4,19,3658,105,97
1/10/2020,2,4,25,3907,128,96
1/11/2020,2,4,21,2997,130,91
1/12/2020,2,4,18,2657,106,95
1/13/2020,2,4,15,3899,127,96
1/14/2020,2,4,13,3847,110,94
1/15/2020,2,4,18,3649,110,94
1/16/2020,2,4,20,3254,130,96
1/17/2020,2,4,17,3557,132,97
1/18/2020,2,4,28,4006,106,91
1/19/2020,2,4,16,3235,122,96
1/20/2020,2,4,8,3377,112,96
1/21/2020,2,4,13,2874,120,96
1/22/2020,2,4,22,4046,127,92
1/23/2020,2,4,22,3799,110,91
1/24/2020,2,4,18,3186,111,95
1/25/2020,2,4,28,2553,131,95
1/26/2020,2,4,15,3248,123,95
1/27/2020,2,4,14,2696,132,97
1/28/2020,2,4,15,2671,113,96
1/29/2020,2,4,21,3910,128,93
1/30/2020,2,4,16,2962,111,97
1/31/2020,2,4,22,3954,118,97
2/1/2020,2,4,25,3725,104,97
2/2/2020,2,4,21,2636,128,94
2/3/2020,2,4,20,3224,132,95
2/4/2020,2,4,14,3626,128,97
2/5/2020,2,4,20,3339,112,94
2/6/2020,2,4,24,3067,120,92
2/7/2020,2,4,26,3104,112,94
2/8/2020,2,4,27,3299,121,94
2/9/2020,2,4,15,2934,106,93
2/10/2020,2,4,20,3496,107,91
2/11/2020,2,4,17,2574,125,93
2/12/2020,2,4,18,3451,108,92
2/13/2020,2,4,23,3751,133,94
2/14/2020,2,4,31,4077,115,93
2/15/2020,2,4,28,3202,106,91
2/16/2020,2,4,17,2954,112,91
2/17/2020,2,4,21,3225,131,94
2/18/2020,2,4,16,4177,115,91
2/19/2020,2,4,21,3257,122,92
2/20/2020,2,4,14,3957,124,96
2/21/2020,2,4,24,3188,121,96
2/22/2020,2,4,24,3668,122,95
2/23/2020,2,4,22,3693,104,96
2/24/2020,2,4,14,3452,121,97
2/25/2020,2,4,26,3322,109,97
2/26/2020,2,4,12,3445,127,92
2/27/2020,2,4,20,3476,104,93
2/28/2020,2,4,14,2961,133,96
3/1/2020,2,4,30,4157,120,96
3/2/2020,2,4,13,3532,109,95
3/3/2020,2,4,19,3613,116,91
3/4/2020,2,4,22,2867,113,96
3/5/2020,2,4,30,3953,110,93
3/6/2020,2,4,26,2737,106,97
3/7/2020,2,4,34,2979,132,94
3/8/2020,2,4,28,3657,124,92
3/9/2020,2,4,17,4162,111,95
3/10/2020,2,4,26,3752,133,93
3/11/2020,2,4,27,4180,113,91
3/12/2020,2,4,32,3385,117,95
3/13/2020,2,4,27,3070,111,91
3/14/2020,2,4,26,3123,121,97
3/15/2020,2,4,24,2843,116,97
3/16/2020,2,4,17,3914,125,95
3/17/2020,2,4,20,3663,120,92
3/18/2020,2,4,13,3429,106,92
3/19/2020,2,4,23,2545,129,91
3/20/2020,2,4,27,3348,130,92
3/21/2020,2,4,31,4174,127,94
3/22/2020,2,4,27,3536,116,92
3/23/2020,2,4,15,2973,105,92
3/24/2020,2,4,38,3314,129,93
3/25/2020,2,4,17,4096,113,91
3/26/2020,2,4,24,2671,107,95
3/27/2020,2,4,27,4098,127,96
3/28/2020,2,4,21,2531,114,97
3/29/2020,2,4,26,3148,105,96
3/30/2020,2,4,20,3816,115,94
3/31/2020,2,4,30,4021,110,97
4/1/2020,2,4,32,2530,131,91
4/2/2020,2,4,29,2523,128,96
4/3/2020,2,4,33,3897,122,96
4/4/2020,2,4,46,2637,107,93
4/5/2020,2,4,31,3338,121,93
4/6/2020,2,4,22,2597,128,93
4/7/2020,2,4,30,3425,120,93
4/8/2020,2,4,21,3861,105,94
4/9/2020,2,4,36,3259,108,97
4/10/2020,2,4,35,3935,115,93
4/11/2020,2,4,37,2952,104,93
4/12/2020,2,4,34,3506,117,93
4/13/2020,2,4,32,3459,110,96
4/14/2020,2,4,25,2607,130,95
4/15/2020,2,4,27,3709,120,97
4/16/2020,2,4,31,4085,129,92
4/17/2020,2,4,32,3071,133,96
4/18/2020,2,4,36,3713,115,97
4/19/2020,2,4,41,4013,107,95
4/20/2020,2,4,18,3601,121,93
4/21/2020,2,4,27,3411,105,91
4/22/2020,2,4,26,3085,116,97
4/23/2020,2,4,36,4157,115,94
4/24/2020,2,4,38,2838,114,94
4/25/2020,2,4,44,4165,115,92
4/26/2020,2,4,30,3989,111,94
4/27/2020,2,4,26,4069,108,93
4/28/2020,2,4,33,4167,119,95
4/29/2020,2,4,35,3707,117,95
4/30/2020,2,4,29,3904,132,96
5/1/2020,2,4,22,2570,105,91
5/2/2020,2,4,33,3442,120,95
5/3/2020,2,4,36,2617,123,95
5/4/2020,2,4,28,2668,114,92
5/5/2020,2,4,35,3080,121,93
5/6/2020,2,4,30,3621,133,96
5/7/2020,2,4,48,2671,131,95
5/8/2020,2,4,38,2822,111,94
5/9/2020,2,4,37,2876,129,97
5/10/2020,2,4,45,2590,122,96
5/11/2020,2,4,28,2913,119,97
5/12/2020,2,4,38,3019,127,94
5/13/2020,2,4,33,3560,106,93
5/14/2020,2,4,33,2795,107,94
5/15/2020,2,4,56,3056,123,96
5/16/2020,2,4,43,2631,130,96
5/17/2020,2,4,38,2645,124,95
5/18/2020,2,4,24,2582,128,95
5/19/2020,2,4,24,2961,107,97
5/20/2020,2,4,26,3340,123,94
5/21/2020,2,4,33,3317,118,92
5/22/2020,2,4,32,3180,113,96
5/23/2020,2,4,37,3786,120,94
5/24/2020,2,4,33,2925,107,95
5/25/2020,2,4,30,3147,112,96
5/26/2020,2,4,25,3817,105,91
5/27/2020,2,4,27,3333,123,91
5/28/2020,2,4,27,3161,122,93
5/29/2020,2,4,28,2605,104,94
5/30/2020,2,4,30,3672,121,91
5/31/2020,2,4,39,3675,110,96
6/1/2020,2,4,32,3059,110,95
6/2/2020,2,4,28,3102,127,97
6/3/2020,2,4,30,3447,117,91
6/4/2020,2,4,35,3566,124,93
6/5/2020,2,4,43,3050,127,97
6/6/2020,2,4,38,3941,105,93
6/7/2020,2,4,41,3170,133,93
6/8/2020,2,4,29,3421,109,91
6/9/2020,2,4,28,3446,112,93
6/10/2020,2,4,34,2865,111,96
6/11/2020,2,4,22,2683,127,96
6/12/2020,2,4,44,2754,110,95
6/13/2020,2,4,33,2995,111,91
6/14/2020,2,4,43,2535,123,91
6/15/2020,2,4,35,2553,120,92
6/16/2020,2,4,45,3123,115,95
6/17/2020,2,4,29,4036,133,92
6/18/2020,2,4,45,4058,106,94
6/19/2020,2,4,32,3490,108,93
6/20/2020,2,4,35,3430,126,92
6/21/2020,2,4,34,2948,124,93
6/22/2020,2,4,27,3315,126,97
6/23/2020,2,4,27,4158,114,91
6/24/2020,2,4,34,3610,124,91
6/25/2020,2,4,47,4154,112,93
6/26/2020,2,4,36,3260,114,92
6/27/2020,2,4,51,4025,110,91
6/28/2020,2,4,35,3795,124,91
6/29/2020,2,4,37,3829,110,94
6/30/2020,2,4,31,3983,111,93
7/1/2020,2,4,27,2542,128,94
7/2/2020,2,4,33,3337,107,96
7/3/2020,2,4,36,3265,116,95
7/4/2020,2,4,41,3867,123,95
7/5/2020,2,4,37,3050,127,91
7/6/2020,2,4,24,2924,131,94
7/7/2020,2,4,27,3393,118,92
7/8/2020,2,4,31,3528,116,95
7/9/2020,2,4,39,2511,132,94
7/10/2020,2,4,46,3272,121,91
7/11/2020,2,4,29,3626,124,92
7/12/2020,2,4,46,3111,112,93
7/13/2020,2,4,33,3202,127,94
7/14/2020,2,4,34,3240,121,97
7/15/2020,2,4,29,4157,105,93
7/16/2020,2,4,44,3804,115,92
7/17/2020,2,4,36,3738,106,91
7/18/2020,2,4,40,3061,131,96
7/19/2020,2,4,59,3574,117,94
7/20/2020,2,4,21,3171,129,93
7/21/2020,2,4,27,3617,114,92
7/22/2020,2,4,41,3705,118,97
7/23/2020,2,4,45,3469,122,92
7/24/2020,2,4,35,3499,111,97
7/25/2020,2,4,40,3551,112,91
7/26/2020,2,4,39,3917,104,91
7/27/2020,2,4,30,2733,104,94
7/28/2020,2,4,34,3601,119,97
7/29/2020,2,4,27,3693,109,96
7/30/2020,2,4,40,3438,132,97
7/31/2020,2,4,35,3141,117,91
8/1/2020,2,4,33,3367,131,96
8/2/2020,2,4,41,2872,117,96
8/3/2020,2,4,36,2645,119,95
8/4/2020,2,4,22,3603,106,92
8/5/2020,2,4,30,3243,121,92
8/6/2020,2,4,33,2731,129,96
8/7/2020,2,4,29,3536,129,91
8/8/2020,2,4,33,3746,108,97
8/9/2020,2,4,45,3037,105,93
8/10/2020,2,4,21,3370,127,94
8/11/2020,2,4,25,2755,111,95
8/12/2020,2,4,25,3358,118,94
8/13/2020,2,4,29,2943,132,95
8/14/2020,2,4,41,2577,110,93
8/15/2020,2,4,38,2712,133,94
8/16/2020,2,4,44,3489,128,94
8/17/2020,2,4,25,2763,120,95
8/18/2020,2,4,40,3574,126,94
8/19/2020,2,4,31,3940,106,96
8/20/2020,2,4,32,2900,121,97
8/21/2020,2,4,27,4041,124,94
8/22/2020,2,4,28,3691,117,91
8/23/2020,2,4,41,2938,119,93
8/24/2020,2,4,23,3651,124,93
8/25/2020,2,4,32,2997,111,93
8/26/2020,2,4,22,3889,105,97
8/27/2020,2,4,29,3867,117,94
8/28/2020,2,4,39,3293,121,96
8/29/2020,2,4,35,3611,133,92
8/30/2020,2,4,33,4093,132,96
8/31/2020,2,4,21,2515,112,95
9/1/2020,2,4,30,3820,119,97
9/2/2020,2,4,27,2738,119,91
9/3/2020,2,4,30,2651,131,91
9/4/2020,2,4,36,4177,123,94
9/5/2020,2,4,32,3801,107,93
9/6/2020,2,4,41,4074,133,93
9/7/2020,2,4,27,2611,132,95
9/8/2020,2,4,27,3776,133,94
9/9/2020,2,4,28,3521,119,94
9/10/2020,2,4,24,4020,112,95
9/11/2020,2,4,33,2972,127,95
9/12/2020,2,4,33,3761,125,92
9/13/2020,2,4,36,3893,127,92
9/14/2020,2,4,14,4012,108,95
9/15/2020,2,4,26,3520,132,91
9/16/2020,2,4,24,2805,115,97
9/17/2020,2,4,24,3334,117,96
9/18/2020,2,4,37,2955,115,96
9/19/2020,2,4,33,3421,105,91
9/20/2020,2,4,44,3031,112,92
9/21/2020,2,4,28,4129,110,91
9/22/2020,2,4,36,3916,110,94
9/23/2020,2,4,26,2763,115,97
9/24/2020,2,4,23,3743,121,92
9/25/2020,2,4,29,3436,129,96
9/26/2020,2,4,33,2947,122,97
9/27/2020,2,4,34,3402,111,96
9/28/2020,2,4,17,3083,110,91
9/29/2020,2,4,22,3123,125,95
9/30/2020,2,4,35,4103,133,95
10/1/2020,2,4,30,2939,104,95
10/2/2020,2,4,32,4106,130,93
10/3/2020,2,4,34,3930,125,92
10/4/2020,2,4,27,2962,122,96
10/5/2020,2,4,28,3124,121,94
10/6/2020,2,4,22,3835,112,91
10/7/2020,2,4,26,3093,123,92
10/8/2020,2,4,34,2593,130,93
10/9/2020,2,4,26,3897,107,92
10/10/2020,2,4,38,3958,107,92
10/11/2020,2,4,37,3413,121,91
10/12/2020,2,4,38,3607,109,97
10/13/2020,2,4,27,3867,133,93
10/14/2020,2,4,18,3901,104,96
10/15/2020,2,4,29,4107,105,92
10/16/2020,2,4,26,3502,115,91
10/17/2020,2,4,34,2534,108,91
10/18/2020,2,4,27,3612,123,96
10/19/2020,2,4,19,4122,125,95
10/20/2020,2,4,28,3046,108,93
10/21/2020,2,4,29,3994,112,93
10/22/2020,2,4,24,3903,125,95
10/23/2020,2,4,37,4065,105,91
10/24/2020,2,4,29,3754,105,97
10/25/2020,2,4,30,2881,124,93
10/26/2020,2,4,18,4082,112,96
10/27/2020,2,4,32,2951,113,97
10/28/2020,2,4,28,2879,123,94
10/29/2020,2,4,23,3424,131,93
10/30/2020,2,4,21,3381,105,95
10/31/2020,2,4,33,4006,125,91
11/1/2020,2,4,33,3057,118,91
11/2/2020,2,4,24,3697,113,92
11/3/2020,2,4,25,3621,132,97
11/4/2020,2,4,32,2773,113,97
11/5/2020,2,4,30,3676,131,91
11/6/2020,2,4,36,3648,116,91
11/7/2020,2,4,42,2869,126,95
11/8/2020,2,4,37,2653,117,94
11/9/2020,2,4,11,2970,129,96
11/10/2020,2,4,21,2571,132,97
11/11/2020,2,4,33,2814,117,93
11/12/2020,2,4,32,2585,131,93
11/13/2020,2,4,26,2591,104,97
11/14/2020,2,4,33,2852,114,94
11/15/2020,2,4,29,2582,124,93
11/16/2020,2,4,18,3571,105,97
11/17/2020,2,4,25,2753,128,93
11/18/2020,2,4,25,3575,116,93
11/19/2020,2,4,29,3019,108,94
11/20/2020,2,4,41,3036,104,95
11/21/2020,2,4,32,3327,107,95
11/22/2020,2,4,37,3882,130,95
11/23/2020,2,4,27,3783,106,97
11/24/2020,2,4,33,3300,106,91
11/25/2020,2,4,25,3106,122,92
11/26/2020,2,4,42,3256,111,96
11/27/2020,2,4,24,3889,121,97
11/28/2020,2,4,28,3780,110,96
11/29/2020,2,4,38,4049,104,96
11/30/2020,2,4,19,3988,128,97
12/1/2020,2,4,20,3266,116,92
12/2/2020,2,4,25,4169,133,97
12/3/2020,2,4,21,3164,118,94
12/4/2020,2,4,18,3545,126,96
12/5/2020,2,4,32,2985,106,95
12/6/2020,2,4,18,3092,110,96
12/7/2020,2,4,16,3872,104,93
12/8/2020,2,4,29,2966,106,95
12/9/2020,2,4,24,3411,127,97
12/10/2020,2,4,21,3418,117,91
12/11/2020,2,4,20,4192,128,94
12/12/2020,2,4,25,3877,116,94
12/13/2020,2,4,21,3989,105,94
12/14/2020,2,4,14,3500,116,91
12/15/2020,2,4,23,2908,118,94
12/16/2020,2,4,7,3516,104,94
12/17/2020,2,4,23,3482,125,96
12/18/2020,2,4,28,2636,125,97
12/19/2020,2,4,22,4053,117,95
12/20/2020,2,4,23,2787,133,94
12/21/2020,2,4,19,3739,127,92
12/22/2020,2,4,17,3883,125,96
12/23/2020,2,4,21,2742,114,91
12/24/2020,2,4,20,2938,117,91
12/25/2020,2,4,18,2874,107,91
12/26/2020,2,4,21,2696,125,94
12/27/2020,2,4,30,2875,133,96
12/28/2020,2,4,14,3664,104,96
12/29/2020,2,4,22,3457,116,94
12/30/2020,2,4,25,2616,122,94
12/31/2020,2,4,16,3747,133,91
1/1/2021,2,4,18,2806,118,91
1/2/2021,2,4,24,2633,115,94
1/3/2021,2,4,21,3024,109,92
1/4/2021,2,4,14,3045,123,95
1/5/2021,2,4,11,3401,119,94
1/6/2021,2,4,23,3361,111,91
1/7/2021,2,4,16,3638,117,91
1/8/2021,2,4,21,2656,105,93
1/9/2021,2,4,32,3370,105,97
1/10/2021,2,4,19,3262,107,95
1/11/2021,2,4,24,3794,124,93
1/12/2021,2,4,20,4020,112,93
1/13/2021,2,4,24,4111,106,95
1/14/2021,2,4,22,3762,105,96
1/15/2021,2,4,20,2828,113,93
1/16/2021,2,4,30,3960,116,95
1/17/2021,2,4,24,3775,127,92
1/18/2021,2,4,10,2837,118,96
1/19/2021,2,4,20,3846,115,95
1/20/2021,2,4,26,3182,112,91
1/21/2021,2,4,22,3097,108,97
1/22/2021,2,4,23,2930,127,94
1/23/2021,2,4,24,3479,132,95
1/24/2021,2,4,20,2594,114,96
1/25/2021,2,4,18,3820,114,95
1/26/2021,2,4,22,3834,122,97
1/27/2021,2,4,23,3140,113,94
1/28/2021,2,4,20,4150,118,94
1/29/2021,2,4,28,2696,119,93
1/30/2021,2,4,26,3506,108,95
1/31/2021,2,4,19,3594,110,93
2/1/2021,2,4,19,2684,130,96
2/2/2021,2,4,29,3962,106,92
2/3/2021,2,4,28,2542,124,97
2/4/2021,2,4,25,2888,107,92
2/5/2021,2,4,27,3648,127,95
2/6/2021,2,4,25,2831,118,95
2/7/2021,2,4,25,3916,106,91
2/8/2021,2,4,14,4040,115,96
2/9/2021,2,4,28,3657,117,96
2/10/2021,2,4,29,2913,122,91
2/11/2021,2,4,20,2827,133,92
2/12/2021,2,4,25,2588,112,96
2/13/2021,2,4,25,3498,112,94
2/14/2021,2,4,27,3605,122,95
2/15/2021,2,4,19,3496,110,91
2/16/2021,2,4,15,3464,119,94
2/17/2021,2,4,21,3023,130,92
2/18/2021,2,4,25,4005,131,94
2/19/2021,2,4,26,2969,105,94
2/20/2021,2,4,28,4200,115,91
2/21/2021,2,4,40,3476,124,96
2/22/2021,2,4,24,3487,120,96
2/23/2021,2,4,25,2511,113,94
2/24/2021,2,4,12,3848,120,93
2/25/2021,2,4,20,3827,132,92
2/26/2021,2,4,25,3091,123,97
2/27/2021,2,4,33,3637,110,97
2/28/2021,2,4,29,3082,128,97
2/29/2021,2,4,19,3109,111,95
3/1/2021,2,4,21,3990,119,93
3/2/2021,2,4,23,3788,125,91
3/3/2021,2,4,24,3145,111,93
3/4/2021,2,4,31,3773,106,97
3/5/2021,2,4,40,3057,116,93
3/6/2021,2,4,26,4162,128,92
3/7/2021,2,4,25,3312,111,95
3/8/2021,2,4,26,3604,131,95
3/9/2021,2,4,20,2842,121,95
3/10/2021,2,4,35,3827,113,95
3/11/2021,2,4,26,3286,126,96
3/12/2021,2,4,38,2655,123,92
3/13/2021,2,4,27,3423,123,91
3/14/2021,2,4,25,4051,131,94
3/15/2021,2,4,25,3563,118,95
3/16/2021,2,4,25,3235,108,95
3/17/2021,2,4,26,2759,129,94
3/18/2021,2,4,26,3175,113,95
3/19/2021,2,4,28,3343,124,91
3/20/2021,2,4,29,3307,131,92
3/21/2021,2,4,24,2735,119,96
3/22/2021,2,4,30,4001,130,92
3/23/2021,2,4,31,3233,131,96
3/24/2021,2,4,19,3232,110,96
3/25/2021,2,4,30,3145,122,92
3/26/2021,2,4,31,3442,130,96
3/27/2021,2,4,34,3445,121,91
3/28/2021,2,4,29,3674,107,95
3/29/2021,2,4,23,3399,109,94
3/30/2021,2,4,26,3550,114,97
3/31/2021,2,4,20,3336,130,91
4/1/2021,2,4,34,3709,124,91
4/2/2021,2,4,44,3695,116,94
4/3/2021,2,4,46,3458,132,93
4/4/2021,2,4,29,2805,127,94
4/5/2021,2,4,40,3898,105,92
4/6/2021,2,4,23,3402,116,96
4/7/2021,2,4,28,3118,124,96
4/8/2021,2,4,30,3486,133,96
4/9/2021,2,4,36,2730,122,96
4/10/2021,2,4,31,2581,104,91
4/11/2021,2,4,23,3021,117,93
4/12/2021,2,4,39,3471,114,97
4/13/2021,2,4,23,3209,107,96
4/14/2021,2,4,34,2967,123,91
4/15/2021,2,4,33,2984,124,97
4/16/2021,2,4,34,2558,111,94
4/17/2021,2,4,37,3378,104,91
4/18/2021,2,4,29,2900,126,93
4/19/2021,2,4,34,3025,113,92
4/20/2021,2,4,25,3086,130,96
4/21/2021,2,4,29,2828,115,94
4/22/2021,2,4,27,3418,113,95
4/23/2021,2,4,32,2690,120,96
4/24/2021,2,4,37,3987,131,94
4/25/2021,2,4,25,4129,125,97
4/26/2021,2,4,29,3350,130,95
4/27/2021,2,4,18,2822,108,92
4/28/2021,2,4,30,3503,109,97
4/29/2021,2,4,37,2915,104,93
4/30/2021,2,4,40,2945,132,96
5/1/2021,2,4,56,3997,122,95
5/2/2021,2,4,29,3552,105,95
5/3/2021,2,4,22,2917,116,91
5/4/2021,2,4,31,3883,130,96
5/5/2021,2,4,44,3976,112,94
5/6/2021,2,4,34,3946,120,92
5/7/2021,2,4,29,2540,108,92
5/8/2021,2,4,37,2536,120,94
5/9/2021,2,4,26,3738,119,96
5/10/2021,2,4,26,2961,133,97
5/11/2021,2,4,26,2874,133,91
5/12/2021,2,4,43,3591,119,95
5/13/2021,2,4,37,3685,127,91
5/14/2021,2,4,34,2771,105,93
5/15/2021,2,4,48,4029,105,95
5/16/2021,2,4,41,3871,129,96
5/17/2021,2,4,30,3953,104,97
5/18/2021,2,4,33,3413,108,97
5/19/2021,2,4,33,2733,133,94
5/20/2021,2,4,48,3419,124,96
5/21/2021,2,4,36,4193,116,96
5/22/2021,2,4,33,3046,123,91
5/23/2021,2,4,26,2643,123,91
5/24/2021,2,4,27,4163,130,93
5/25/2021,2,4,28,2629,130,94
5/26/2021,2,4,34,3828,117,91
5/27/2021,2,4,37,4121,115,96
5/28/2021,2,4,43,3039,118,95
5/29/2021,2,4,36,3238,110,94
5/30/2021,2,4,34,2516,107,93
5/31/2021,2,4,31,2591,131,96
6/1/2021,2,4,45,2926,121,92
6/2/2021,2,4,40,3550,122,92
6/3/2021,2,4,40,2539,119,92
6/4/2021,2,4,37,2825,107,92
6/5/2021,2,4,66,2716,110,94
6/6/2021,2,4,30,4170,119,93
6/7/2021,2,4,30,2902,122,91
6/8/2021,2,4,32,2758,131,95
6/9/2021,2,4,48,3945,105,94
6/10/2021,2,4,52,3180,109,92
6/11/2021,2,4,46,2828,123,91
6/12/2021,2,4,48,3339,120,97
6/13/2021,2,4,27,3900,114,95
6/14/2021,2,4,27,3797,118,95
6/15/2021,2,4,37,2884,115,93
6/16/2021,2,4,34,4050,114,94
6/17/2021,2,4,42,2966,125,91
6/18/2021,2,4,29,2913,119,91
6/19/2021,2,4,35,3198,105,94
6/20/2021,2,4,33,3420,115,92
6/21/2021,2,4,24,3582,127,93
6/22/2021,2,4,33,3358,133,95
6/23/2021,2,4,41,3046,118,96
6/24/2021,2,4,49,3379,108,96
6/25/2021,2,4,40,3385,131,91
6/26/2021,2,4,33,3650,129,92
6/27/2021,2,4,29,3399,112,96
6/28/2021,2,4,38,2687,105,93
6/29/2021,2,4,38,3345,120,93
6/30/2021,2,4,32,2768,121,91
7/1/2021,2,4,48,3853,133,93
7/2/2021,2,4,53,2533,113,93
7/3/2021,2,4,47,2718,108,94
7/4/2021,2,4,29,4026,106,93
7/5/2021,2,4,33,3897,120,94
7/6/2021,2,4,27,3588,105,94
7/7/2021,2,4,33,2909,105,92
7/8/2021,2,4,42,2886,124,96
7/9/2021,2,4,38,3948,114,93
7/10/2021,2,4,48,2985,105,92
7/11/2021,2,4,26,3815,113,97
7/12/2021,2,4,37,3843,133,91
7/13/2021,2,4,26,3814,129,95
7/14/2021,2,4,38,3602,125,94
7/15/2021,2,4,52,4038,122,96
7/16/2021,2,4,36,3963,130,96
7/17/2021,2,4,42,3302,125,94
7/18/2021,2,4,32,3473,105,92
7/19/2021,2,4,39,2955,109,97
7/20/2021,2,4,47,2985,114,93
7/21/2021,2,4,34,3571,125,97
7/22/2021,2,4,42,4023,133,97
7/23/2021,2,4,44,3328,111,97
7/24/2021,2,4,38,3653,132,94
7/25/2021,2,4,32,4002,116,96
7/26/2021,2,4,40,3752,122,97
7/27/2021,2,4,32,3966,115,95
7/28/2021,2,4,36,3610,113,96
7/29/2021,2,4,46,3320,122,91
7/30/2021,2,4,36,4139,128,97
7/31/2021,2,4,48,3506,119,93
8/1/2021,2,4,29,3571,130,95
8/2/2021,2,4,29,2553,130,91
8/3/2021,2,4,29,3206,127,94
8/4/2021,2,4,26,4035,133,95
8/5/2021,2,4,28,3276,118,93
8/6/2021,2,4,39,3102,128,96
8/7/2021,2,4,43,3764,130,96
8/8/2021,2,4,23,3040,121,91
8/9/2021,2,4,33,3020,131,93
8/10/2021,2,4,36,2943,108,94
8/11/2021,2,4,34,2803,121,95
8/12/2021,2,4,31,3303,123,97
8/13/2021,2,4,37,4169,118,92
8/14/2021,2,4,48,3069,105,97
8/15/2021,2,4,38,3684,106,97
8/16/2021,2,4,34,3028,122,91
8/17/2021,2,4,25,3252,104,94
8/18/2021,2,4,31,2738,115,97
8/19/2021,2,4,52,3203,116,95
8/20/2021,2,4,29,3143,110,91
8/21/2021,2,4,38,3507,118,95
8/22/2021,2,4,34,4099,123,93
8/23/2021,2,4,26,2796,125,96
8/24/2021,2,4,25,2511,107,92
8/25/2021,2,4,35,3915,111,92
8/26/2021,2,4,28,2902,107,91
8/27/2021,2,4,33,3807,111,94
8/28/2021,2,4,38,3981,124,91
8/29/2021,2,4,32,3896,128,95
8/30/2021,2,4,27,3468,115,95
8/31/2021,2,4,34,3154,112,96
9/1/2021,2,4,30,3073,122,93
9/2/2021,2,4,34,2758,111,96
9/3/2021,2,4,26,2721,108,91
9/4/2021,2,4,26,3797,113,92
9/5/2021,2,4,24,3638,117,94
9/6/2021,2,4,30,2537,125,95
9/7/2021,2,4,25,3624,123,91
9/8/2021,2,4,29,4094,104,91
9/9/2021,2,4,36,2817,119,92
9/10/2021,2,4,47,2725,133,91
9/11/2021,2,4,36,3535,114,96
9/12/2021,2,4,17,2980,127,91
9/13/2021,2,4,41,3566,109,95
9/14/2021,2,4,33,3079,128,92
9/15/2021,2,4,31,3211,107,93
9/16/2021,2,4,39,2876,128,97
9/17/2021,2,4,28,3575,104,93
9/18/2021,2,4,51,3119,115,91
9/19/2021,2,4,23,3642,126,94
9/20/2021,2,4,32,2596,133,97
9/21/2021,2,4,20,4124,107,94
9/22/2021,2,4,31,3693,119,94
9/23/2021,2,4,36,3463,116,93
9/24/2021,2,4,39,2566,112,93
9/25/2021,2,4,38,2660,123,94
9/26/2021,2,4,18,2575,119,92
9/27/2021,2,4,37,4106,113,91
9/28/2021,2,4,36,3450,119,91
9/29/2021,2,4,36,3056,106,92
9/30/2021,2,4,32,2861,123,95
10/1/2021,2,4,30,2778,108,92
10/2/2021,2,4,34,3501,120,95
10/3/2021,2,4,19,3014,113,96
10/4/2021,2,4,26,3150,109,96
10/5/2021,2,4,30,3290,130,96
10/6/2021,2,4,32,3525,113,97
10/7/2021,2,4,30,3835,119,92
10/8/2021,2,4,38,4072,126,92
10/9/2021,2,4,34,3581,118,95
10/10/2021,2,4,23,3497,128,97
10/11/2021,2,4,32,4091,128,96
10/12/2021,2,4,21,2796,121,93
10/13/2021,2,4,34,3560,109,95
10/14/2021,2,4,28,3862,133,91
10/15/2021,2,4,29,4006,105,91
10/16/2021,2,4,38,3634,129,91
10/17/2021,2,4,25,2638,131,91
10/18/2021,2,4,26,3702,125,93
10/19/2021,2,4,30,3033,122,97
10/20/2021,2,4,27,2967,116,92
10/21/2021,2,4,33,2941,110,94
10/22/2021,2,4,33,3281,108,91
10/23/2021,2,4,29,3194,116,97
10/24/2021,2,4,26,3157,129,94
10/25/2021,2,4,19,2550,118,96
10/26/2021,2,4,28,3757,132,96
10/27/2021,2,4,24,3982,109,97
10/28/2021,2,4,35,4127,123,92
10/29/2021,2,4,34,2968,118,97
10/30/2021,2,4,31,3121,107,97
10/31/2021,2,4,28,3392,131,93
11/1/2021,2,4,28,3076,105,91
11/2/2021,2,4,31,3949,104,95
11/3/2021,2,4,36,3408,122,96
11/4/2021,2,4,24,3782,128,97
11/5/2021,2,4,37,3421,111,94
11/6/2021,2,4,32,2548,110,91
11/7/2021,2,4,29,4024,132,91
11/8/2021,2,4,33,3105,112,93
11/9/2021,2,4,38,2842,116,94
11/10/2021,2,4,31,3112,123,92
11/11/2021,2,4,38,2654,122,93
11/12/2021,2,4,34,3267,130,91
11/13/2021,2,4,46,3533,116,93
11/14/2021,2,4,27,3812,113,92
11/15/2021,2,4,29,2594,106,92
11/16/2021,2,4,34,3576,119,93
11/17/2021,2,4,34,4194,119,97
11/18/2021,2,4,31,4166,127,91
11/19/2021,2,4,34,2882,123,97
11/20/2021,2,4,35,3493,104,92
11/21/2021,2,4,22,3497,112,91
11/22/2021,2,4,32,3180,112,96
11/23/2021,2,4,30,3323,132,91
11/24/2021,2,4,28,3283,105,94
11/25/2021,2,4,30,2648,118,91
11/26/2021,2,4,32,4057,106,92
11/27/2021,2,4,47,2765,124,97
11/28/2021,2,4,21,3784,130,92
11/29/2021,2,4,35,3746,121,91
11/30/2021,2,4,33,3611,110,95
12/1/2021,2,4,21,3523,118,94
12/2/2021,2,4,29,2746,114,97
12/3/2021,2,4,14,3696,119,92
12/4/2021,2,4,20,3505,106,95
12/5/2021,2,4,20,2707,109,97
12/6/2021,2,4,25,3832,111,97
12/7/2021,2,4,23,3187,108,95
12/8/2021,2,4,29,2878,117,93
12/9/2021,2,4,19,4106,112,95
12/10/2021,2,4,23,3665,128,96
12/11/2021,2,4,21,2746,117,97
12/12/2021,2,4,19,3419,122,91
12/13/2021,2,4,27,3114,128,95
12/14/2021,2,4,17,3338,115,91
12/15/2021,2,4,25,4084,106,95
12/16/2021,2,4,30,3127,128,95
12/17/2021,2,4,29,4165,116,95
12/18/2021,2,4,30,2824,111,97
12/19/2021,2,4,15,2796,108,97
12/20/2021,2,4,20,2924,126,91
12/21/2021,2,4,16,2524,122,94
12/22/2021,2,4,25,3117,112,92
12/23/2021,2,4,23,3219,111,97
12/24/2021,2,4,25,2565,133,96
12/25/2021,2,4,37,2532,131,92
12/26/2021,2,4,27,3938,110,93
12/27/2021,2,4,17,4091,105,91
12/28/2021,2,4,19,3683,123,97
12/29/2021,2,4,19,2620,104,96
12/30/2021,2,4,31,3003,107,92
12/31/2021,2,4,26,2701,128,95
1/1/2022,2,4,28,4189,132,94
1/2/2022,2,4,19,3502,106,91
1/3/2022,2,4,23,4038,109,91
1/4/2022,2,4,13,4196,113,94
1/5/2022,2,4,19,2510,116,96
1/6/2022,2,4,24,3874,126,95
1/7/2022,2,4,14,2605,104,96
1/8/2022,2,4,26,2900,126,94
1/9/2022,2,4,21,3731,105,97
1/10/2022,2,4,25,2791,104,93
1/11/2022,2,4,20,3792,116,91
1/12/2022,2,4,14,3744,110,92
1/13/2022,2,4,25,3139,126,91
1/14/2022,2,4,26,4005,111,97
1/15/2022,2,4,29,3368,128,97
1/16/2022,2,4,14,2657,130,92
1/17/2022,2,4,23,2705,120,91
1/18/2022,2,4,19,2805,127,97
1/19/2022,2,4,28,3253,118,97
1/20/2022,2,4,23,3162,108,97
1/21/2022,2,4,24,3630,114,94
1/22/2022,2,4,25,2529,117,93
1/23/2022,2,4,22,3478,128,93
1/24/2022,2,4,23,3304,106,94
1/25/2022,2,4,19,3971,116,91
1/26/2022,2,4,27,3482,128,91
1/27/2022,2,4,17,3981,118,94
1/28/2022,2,4,21,3375,132,94
1/29/2022,2,4,19,2973,129,97
1/30/2022,2,4,17,3491,107,95
1/31/2022,2,4,32,3042,132,93
2/1/2022,2,4,19,4146,117,91
2/2/2022,2,4,24,3225,124,93
2/3/2022,2,4,24,3353,120,94
2/4/2022,2,4,29,3302,121,92
2/5/2022,2,4,29,3704,110,94
2/6/2022,2,4,19,2865,133,97
2/7/2022,2,4,15,2612,131,92
2/8/2022,2,4,15,2524,115,95
2/9/2022,2,4,21,3497,105,95
2/10/2022,2,4,23,2678,122,94
2/11/2022,2,4,30,2854,123,93
2/12/2022,2,4,25,3005,114,92
2/13/2022,2,4,27,2651,106,92
2/14/2022,2,4,23,3295,109,92
2/15/2022,2,4,24,2832,121,97
2/16/2022,2,4,24,3542,108,91
2/17/2022,2,4,25,2727,130,97
2/18/2022,2,4,31,3738,122,91
2/19/2022,2,4,26,3812,122,97
2/20/2022,2,4,18,4093,117,92
2/21/2022,2,4,24,3311,119,92
2/22/2022,2,4,20,4071,129,93
2/23/2022,2,4,27,3325,132,92
2/24/2022,2,4,28,3818,127,95
2/25/2022,2,4,34,3045,107,91
2/26/2022,2,4,28,3065,128,93
2/27/2022,2,4,21,3379,109,91
2/28/2022,2,4,35,3792,106,95
3/1/2022,2,4,19,3024,105,96
3/2/2022,2,4,28,2546,130,94
3/3/2022,2,4,33,3667,111,95
3/4/2022,2,4,37,3155,127,95
3/5/2022,2,4,37,2549,111,91
3/6/2022,2,4,27,2700,125,96
3/7/2022,2,4,25,3293,127,95
3/8/2022,2,4,33,3555,132,96
3/9/2022,2,4,16,3903,124,95
3/10/2022,2,4,29,3791,122,97
3/11/2022,2,4,34,3767,112,95
3/12/2022,2,4,36,3332,115,93
3/13/2022,2,4,30,4180,119,97
3/14/2022,2,4,32,2594,114,91
3/15/2022,2,4,21,3147,129,93
3/16/2022,2,4,27,3220,110,91
3/17/2022,2,4,23,2825,115,96
3/18/2022,2,4,35,3049,113,95
3/19/2022,2,4,41,2676,114,92
3/20/2022,2,4,31,4166,127,93
3/21/2022,2,4,26,4150,115,92
3/22/2022,2,4,30,3592,107,96
3/23/2022,2,4,24,3744,129,95
3/24/2022,2,4,26,3666,121,96
3/25/2022,2,4,34,2934,121,92
3/26/2022,2,4,37,3713,108,93
3/27/2022,2,4,16,2573,119,91
3/28/2022,2,4,22,2619,115,96
3/29/2022,2,4,26,3814,121,92
3/30/2022,2,4,29,2873,133,93
3/31/2022,2,4,25,3016,130,92
4/1/2022,2,4,33,3451,114,97
4/2/2022,2,4,42,4059,126,94
4/3/2022,2,4,32,2678,105,93
4/4/2022,2,4,20,3207,110,95
4/5/2022,2,4,34,3783,122,97
4/6/2022,2,4,25,3489,108,97
4/7/2022,2,4,33,2780,125,94
4/8/2022,2,4,42,3060,130,91
4/9/2022,2,4,44,3109,132,93
4/10/2022,2,4,30,4186,124,93
4/11/2022,2,4,34,3555,115,95
4/12/2022,2,4,35,3205,110,91
4/13/2022,2,4,19,2752,132,91
4/14/2022,2,4,29,3283,105,91
4/15/2022,2,4,44,2684,116,97
4/16/2022,2,4,37,3154,127,96
4/17/2022,2,4,26,2995,125,93
4/18/2022,2,4,33,3867,116,96
4/19/2022,2,4,43,3258,107,91
4/20/2022,2,4,25,2979,130,91
4/21/2022,2,4,37,4005,129,95
4/22/2022,2,4,39,2889,130,97
4/23/2022,2,4,39,3787,115,93
4/24/2022,2,4,23,3783,124,97
4/25/2022,2,4,30,3443,128,94
4/26/2022,2,4,24,2987,125,96
4/27/2022,2,4,38,3591,112,92
4/28/2022,2,4,35,3906,116,95
4/29/2022,2,4,49,2742,112,94
4/30/2022,2,4,47,3603,130,96
5/1/2022,2,4,22,4170,121,92
5/2/2022,2,4,41,2983,129,96
5/3/2022,2,4,33,3529,120,96
5/4/2022,2,4,31,4018,118,94
5/5/2022,2,4,38,4101,104,96
5/6/2022,2,4,39,3720,128,96
5/7/2022,2,4,41,3824,113,95
5/8/2022,2,4,27,3236,112,94
5/9/2022,2,4,37,2587,119,95
5/10/2022,2,4,38,3733,124,93
5/11/2022,2,4,32,3335,110,96
5/12/2022,2,4,45,4161,133,92
5/13/2022,2,4,40,2695,130,94
5/14/2022,2,4,38,3416,127,95
5/15/2022,2,4,26,3340,106,91
5/16/2022,2,4,36,3687,130,96
5/17/2022,2,4,37,3819,111,92
5/18/2022,2,4,42,2504,115,93
5/19/2022,2,4,35,4035,117,92
5/20/2022,2,4,47,3974,105,92
5/21/2022,2,4,46,2667,119,97
5/22/2022,2,4,22,3076,116,91
5/23/2022,2,4,36,3219,115,97
5/24/2022,2,4,29,3323,111,97
5/25/2022,2,4,34,4092,112,93
5/26/2022,2,4,39,2503,106,94
5/27/2022,2,4,43,2832,129,94
5/28/2022,2,4,39,3733,119,95
5/29/2022,2,4,32,2649,111,92
5/30/2022,2,4,24,3742,108,91
5/31/2022,2,4,35,3419,104,92
6/1/2022,2,4,38,3849,112,91
6/2/2022,2,4,48,3172,109,91
6/3/2022,2,4,41,4044,107,97
6/4/2022,2,4,52,3316,130,97
6/5/2022,2,4,33,4114,108,95
6/6/2022,2,4,39,3900,128,92
6/7/2022,2,4,43,3870,131,96
6/8/2022,2,4,35,4093,124,94
6/9/2022,2,4,53,3915,110,96
6/10/2022,2,4,53,3928,129,91
6/11/2022,2,4,38,3922,125,96
6/12/2022,2,4,32,2686,105,95
6/13/2022,2,4,29,3378,115,93
6/14/2022,2,4,42,3787,107,95
6/15/2022,2,4,38,3479,117,96
6/16/2022,2,4,38,2634,118,94
6/17/2022,2,4,42,4183,108,96
6/18/2022,2,4,44,3681,113,97
6/19/2022,2,4,39,2801,132,96
6/20/2022,2,4,36,3634,105,96
6/21/2022,2,4,29,2700,122,94
6/22/2022,2,4,37,4039,110,91
6/23/2022,2,4,56,3100,119,91
6/24/2022,2,4,41,2853,125,94
6/25/2022,2,4,41,4122,125,91
6/26/2022,2,4,32,2505,125,97
6/27/2022,2,4,26,3251,121,93
6/28/2022,2,4,41,2788,108,92
6/29/2022,2,4,36,3841,109,94
6/30/2022,2,4,31,2662,127,91
7/1/2022,2,4,50,4168,123,96
7/2/2022,2,4,50,2831,125,95
7/3/2022,2,4,31,3167,131,91
7/4/2022,2,4,37,2986,117,94
7/5/2022,2,4,39,2508,119,94
7/6/2022,2,4,35,3497,108,92
7/7/2022,2,4,43,3718,119,93
7/8/2022,2,4,39,2894,128,95
7/9/2022,2,4,43,3469,118,96
7/10/2022,2,4,32,2798,122,97
7/11/2022,2,4,35,2553,111,92
7/12/2022,2,4,26,3143,127,96
7/13/2022,2,4,30,3515,106,95
7/14/2022,2,4,45,3486,126,96
7/15/2022,2,4,44,3368,124,96
7/16/2022,2,4,61,3201,123,94
7/17/2022,2,4,31,3868,116,94
7/18/2022,2,4,38,3109,124,92
7/19/2022,2,4,35,2579,122,96
7/20/2022,2,4,42,3845,105,91
7/21/2022,2,4,40,2826,128,96
7/22/2022,2,4,38,3863,131,93
7/23/2022,2,4,50,2708,131,97
7/24/2022,2,4,35,2851,110,94
7/25/2022,2,4,40,2525,133,97
7/26/2022,2,4,42,2952,130,92
7/27/2022,2,4,24,3854,110,91
7/28/2022,2,4,42,3264,113,94
7/29/2022,2,4,44,3160,120,96
7/30/2022,2,4,62,3366,105,93
7/31/2022,2,4,26,2937,127,95
8/1/2022,2,4,31,3739,133,96
8/2/2022,2,4,38,4120,124,91
8/3/2022,2,4,22,4053,132,96
8/4/2022,2,4,31,3472,105,96
8/5/2022,2,4,40,3630,121,93
8/6/2022,2,4,39,3756,108,93
8/7/2022,2,4,26,3254,115,95
8/8/2022,2,4,24,4113,105,91
8/9/2022,2,4,38,3165,109,95
8/10/2022,2,4,41,2624,106,97
8/11/2022,2,4,31,2882,108,96
8/12/2022,2,4,32,2625,118,93
8/13/2022,2,4,39,3783,108,92
8/14/2022,2,4,37,2840,105,92
8/15/2022,2,4,28,3294,132,93
8/16/2022,2,4,34,3967,112,92
8/17/2022,2,4,46,3316,115,94
8/18/2022,2,4,37,3726,129,91
8/19/2022,2,4,39,3359,132,93
8/20/2022,2,4,58,3235,112,91
8/21/2022,2,4,25,2759,124,92
8/22/2022,2,4,28,4121,107,96
8/23/2022,2,4,48,3186,111,94
8/24/2022,2,4,34,2619,115,93
8/25/2022,2,4,45,3377,110,94
8/26/2022,2,4,38,3420,107,92
8/27/2022,2,4,50,3396,128,95
8/28/2022,2,4,29,3980,121,94
8/29/2022,2,4,33,4017,113,92
8/30/2022,2,4,31,3290,131,94
8/31/2022,2,4,38,3403,117,91
9/1/2022,2,4,48,3676,108,92
9/2/2022,2,4,39,2937,125,95
9/3/2022,2,4,50,3330,132,91
9/4/2022,2,4,26,3234,120,93
9/5/2022,2,4,38,3012,124,92
9/6/2022,2,4,21,3382,106,96
9/7/2022,2,4,29,3899,107,94
9/8/2022,2,4,43,3844,130,95
9/9/2022,2,4,30,2831,108,91
9/10/2022,2,4,46,2896,124,97
9/11/2022,2,4,24,4077,123,96
9/12/2022,2,4,37,2978,111,91
9/13/2022,2,4,33,4165,108,93
9/14/2022,2,4,33,2850,127,93
9/15/2022,2,4,36,3367,132,92
9/16/2022,2,4,26,4042,106,97
9/17/2022,2,4,42,2799,125,93
9/18/2022,2,4,30,2933,128,95
9/19/2022,2,4,29,4165,114,94
9/20/2022,2,4,28,2684,119,91
9/21/2022,2,4,35,3301,117,92
9/22/2022,2,4,41,2888,113,95
9/23/2022,2,4,52,3624,118,95
9/24/2022,2,4,26,3842,128,94
9/25/2022,2,4,25,2948,105,96
9/26/2022,2,4,30,2925,105,95
9/27/2022,2,4,28,2509,122,95
9/28/2022,2,4,32,3339,129,96
9/29/2022,2,4,35,4131,110,94
9/30/2022,2,4,33,3211,123,91
10/1/2022,2,4,27,3131,133,97
10/2/2022,2,4,29,3080,114,94
10/3/2022,2,4,34,2505,104,94
10/4/2022,2,4,21,2581,117,94
10/5/2022,2,4,25,3335,112,97
10/6/2022,2,4,25,2899,105,95
10/7/2022,2,4,36,3611,112,97
10/8/2022,2,4,28,2613,123,92
10/9/2022,2,4,25,3022,128,94
10/10/2022,2,4,27,3842,126,93
10/11/2022,2,4,37,2686,113,91
10/12/2022,2,4,26,3224,120,97
10/13/2022,2,4,38,4122,111,94
10/14/2022,2,4,40,4037,123,94
10/15/2022,2,4,42,2689,115,93
10/16/2022,2,4,28,4033,109,93
10/17/2022,2,4,35,3337,119,91
10/18/2022,2,4,30,3382,132,96
10/19/2022,2,4,32,3282,124,93
10/20/2022,2,4,37,3685,127,91
10/21/2022,2,4,29,2825,119,96
10/22/2022,2,4,38,3430,116,91
10/23/2022,2,4,22,3897,114,93
10/24/2022,2,4,24,4133,128,91
10/25/2022,2,4,27,3851,109,95
10/26/2022,2,4,22,2629,124,96
10/27/2022,2,4,34,2743,121,93
10/28/2022,2,4,39,2780,111,95
10/29/2022,2,4,33,2545,131,95
10/30/2022,2,4,24,4148,113,91
10/31/2022,2,4,33,3418,107,94
11/1/2022,2,4,29,3517,106,93
11/2/2022,2,4,26,3687,129,94
11/3/2022,2,4,44,2856,131,95
11/4/2022,2,4,33,2506,126,91
11/5/2022,2,4,35,4109,125,93
11/6/2022,2,4,31,3057,126,91
11/7/2022,2,4,29,3232,113,92
11/8/2022,2,4,33,3293,106,95
11/9/2022,2,4,29,3733,115,96
11/10/2022,2,4,34,2840,104,92
11/11/2022,2,4,36,2829,124,92
11/12/2022,2,4,32,2924,107,96
11/13/2022,2,4,32,2582,122,96
11/14/2022,2,4,29,3179,121,92
11/15/2022,2,4,29,2954,116,93
11/16/2022,2,4,30,3665,113,97
11/17/2022,2,4,34,3774,123,91
11/18/2022,2,4,40,3252,131,94
11/19/2022,2,4,51,3800,131,91
11/20/2022,2,4,22,3594,124,93
11/21/2022,2,4,46,3517,121,91
11/22/2022,2,4,33,3705,120,91
11/23/2022,2,4,30,3523,122,97
11/24/2022,2,4,28,3476,111,95
11/25/2022,2,4,35,3082,112,95
11/26/2022,2,4,40,2599,129,95
11/27/2022,2,4,29,3540,119,94
11/28/2022,2,4,32,4074,113,93
11/29/2022,2,4,33,3543,119,93
11/30/2022,2,4,38,2919,123,95
12/1/2022,2,4,33,3321,132,94
12/2/2022,2,4,22,3244,122,92
12/3/2022,2,4,30,3948,120,91
12/4/2022,2,4,22,2601,130,95
12/5/2022,2,4,35,3658,121,95
12/6/2022,2,4,15,4179,112,91
12/7/2022,2,4,21,3092,128,92
12/8/2022,2,4,26,4048,120,91
12/9/2022,2,4,22,3062,108,94
12/10/2022,2,4,32,2755,110,95
12/11/2022,2,4,26,4141,128,97
12/12/2022,2,4,15,2763,119,92
12/13/2022,2,4,25,2763,132,92
12/14/2022,2,4,16,3022,110,97
12/15/2022,2,4,22,3603,130,93
12/16/2022,2,4,24,3737,114,93
12/17/2022,2,4,29,2801,105,96
12/18/2022,2,4,24,2965,115,96
12/19/2022,2,4,26,2533,106,94
12/20/2022,2,4,25,3459,119,96
12/21/2022,2,4,22,3579,114,95
12/22/2022,2,4,24,2932,112,97
12/23/2022,2,4,32,4146,132,97
12/24/2022,2,4,32,2807,132,93
12/25/2022,2,4,22,2972,106,96
12/26/2022,2,4,18,2833,120,95
12/27/2022,2,4,26,3950,119,93
12/28/2022,2,4,23,2541,128,95
12/29/2022,2,4,21,3624,130,97
12/30/2022,2,4,35,3782,109,95
12/31/2022,2,4,29,3599,109,96
1/1/2018,3,4,9,2695,111,95
1/2/2018,3,4,15,2537,115,93
1/3/2018,3,4,9,3899,106,96
1/4/2018,3,4,16,3595,125,91
1/5/2018,3,4,16,3582,118,93
1/6/2018,3,4,13,3416,112,91
1/7/2018,3,4,11,2568,105,91
1/8/2018,3,4,11,3156,113,92
1/9/2018,3,4,16,3495,113,95
1/10/2018,3,4,11,3561,117,91
1/11/2018,3,4,11,2958,116,95
1/12/2018,3,4,18,2716,124,93
1/13/2018,3,4,11,3245,111,91
1/14/2018,3,4,15,4053,133,96
1/15/2018,3,4,9,3043,113,93
1/16/2018,3,4,17,3353,126,95
1/17/2018,3,4,9,2613,113,93
1/18/2018,3,4,14,4068,127,97
1/19/2018,3,4,12,2762,117,95
1/20/2018,3,4,13,2633,115,92
1/21/2018,3,4,11,3822,116,92
1/22/2018,3,4,12,3808,114,91
1/23/2018,3,4,11,3952,129,95
1/24/2018,3,4,11,3242,120,91
1/25/2018,3,4,11,3366,119,96
1/26/2018,3,4,25,3341,105,93
1/27/2018,3,4,21,3594,119,92
1/28/2018,3,4,10,2621,125,94
1/29/2018,3,4,10,3787,122,91
1/30/2018,3,4,10,3295,124,92
1/31/2018,3,4,13,4019,121,97
2/1/2018,3,4,20,3083,127,92
2/2/2018,3,4,16,2521,106,93
2/3/2018,3,4,19,3221,133,94
2/4/2018,3,4,13,3582,113,95
2/5/2018,3,4,12,2626,111,91
2/6/2018,3,4,16,2841,127,93
2/7/2018,3,4,17,3200,118,97
2/8/2018,3,4,15,3867,117,97
2/9/2018,3,4,13,3631,120,93
2/10/2018,3,4,13,2868,113,94
2/11/2018,3,4,13,3410,123,95
2/12/2018,3,4,10,3481,113,95
2/13/2018,3,4,15,3051,125,91
2/14/2018,3,4,19,3801,117,91
2/15/2018,3,4,17,3728,119,95
2/16/2018,3,4,7,2719,130,94
2/17/2018,3,4,23,3437,123,96
2/18/2018,3,4,14,4100,120,91
2/19/2018,3,4,15,2522,118,95
2/20/2018,3,4,15,2569,124,92
2/21/2018,3,4,16,2859,105,94
2/22/2018,3,4,13,3854,124,96
2/23/2018,3,4,21,3453,116,97
2/24/2018,3,4,25,2592,125,97
2/25/2018,3,4,11,3343,116,96
2/26/2018,3,4,18,2934,132,92
2/27/2018,3,4,16,3691,132,92
2/28/2018,3,4,13,2678,133,91
3/1/2018,3,4,18,3379,118,94
3/2/2018,3,4,24,3343,119,91
3/3/2018,3,4,28,3911,122,96
3/4/2018,3,4,19,2654,105,92
3/5/2018,3,4,19,2574,104,97
3/6/2018,3,4,15,3949,108,92
3/7/2018,3,4,16,2866,109,92
3/8/2018,3,4,21,4105,119,97
3/9/2018,3,4,19,3732,104,97
3/10/2018,3,4,18,3727,122,92
3/11/2018,3,4,13,3997,113,96
3/12/2018,3,4,19,3260,107,91
3/13/2018,3,4,23,3534,112,95
3/14/2018,3,4,22,2527,124,96
3/15/2018,3,4,20,3923,112,97
3/16/2018,3,4,24,3463,105,94
3/17/2018,3,4,25,3141,110,91
3/18/2018,3,4,13,3802,119,93
3/19/2018,3,4,14,3749,115,96
3/20/2018,3,4,19,3394,123,93
3/21/2018,3,4,24,4124,125,92
3/22/2018,3,4,17,3714,132,94
3/23/2018,3,4,19,2809,111,91
3/24/2018,3,4,26,4040,126,94
3/25/2018,3,4,18,3504,110,95
3/26/2018,3,4,18,3904,112,97
3/27/2018,3,4,16,2836,120,97
3/28/2018,3,4,32,3000,127,94
3/29/2018,3,4,19,2828,129,94
3/30/2018,3,4,21,3392,115,93
3/31/2018,3,4,20,3364,113,96
4/1/2018,3,4,26,4139,108,93
4/2/2018,3,4,27,2812,125,92
4/3/2018,3,4,26,2682,113,92
4/4/2018,3,4,19,3050,107,91
4/5/2018,3,4,25,2834,131,93
4/6/2018,3,4,26,3317,111,93
4/7/2018,3,4,25,3786,131,97
4/8/2018,3,4,14,2853,131,91
4/9/2018,3,4,23,3597,105,96
4/10/2018,3,4,28,3060,128,94
4/11/2018,3,4,20,3856,129,91
4/12/2018,3,4,23,2721,116,95
4/13/2018,3,4,33,4064,116,97
4/14/2018,3,4,25,3264,125,96
4/15/2018,3,4,21,3816,115,93
4/16/2018,3,4,23,3327,109,93
4/17/2018,3,4,19,3249,105,97
4/18/2018,3,4,25,4017,115,97
4/19/2018,3,4,26,3741,107,92
4/20/2018,3,4,27,2700,122,92
4/21/2018,3,4,26,3809,105,94
4/22/2018,3,4,16,2648,110,92
4/23/2018,3,4,11,2538,114,92
4/24/2018,3,4,19,2603,104,97
4/25/2018,3,4,29,3797,110,96
4/26/2018,3,4,29,3988,109,93
4/27/2018,3,4,21,3874,115,91
4/28/2018,3,4,27,2563,105,95
4/29/2018,3,4,19,2710,123,93
4/30/2018,3,4,24,3172,130,92
5/1/2018,3,4,15,4046,133,95
5/2/2018,3,4,27,3014,124,96
5/3/2018,3,4,24,3575,112,93
5/4/2018,3,4,23,3656,129,91
5/5/2018,3,4,40,3000,112,94
5/6/2018,3,4,19,3936,104,95
5/7/2018,3,4,27,3761,108,97
5/8/2018,3,4,25,3598,109,92
5/9/2018,3,4,32,3778,121,92
5/10/2018,3,4,32,4038,122,94
5/11/2018,3,4,23,2643,119,91
5/12/2018,3,4,25,2997,121,94
5/13/2018,3,4,25,3336,117,94
5/14/2018,3,4,23,2862,111,97
5/15/2018,3,4,22,4015,124,95
5/16/2018,3,4,18,2802,109,94
5/17/2018,3,4,19,3680,114,93
5/18/2018,3,4,28,3854,123,94
5/19/2018,3,4,30,4020,126,93
5/20/2018,3,4,16,3265,105,96
5/21/2018,3,4,19,3512,132,93
5/22/2018,3,4,24,3654,117,96
5/23/2018,3,4,24,3865,122,94
5/24/2018,3,4,24,2798,119,96
5/25/2018,3,4,26,3910,121,94
5/26/2018,3,4,27,4026,124,93
5/27/2018,3,4,12,2579,126,97
5/28/2018,3,4,17,3777,106,97
5/29/2018,3,4,24,3859,127,91
5/30/2018,3,4,23,3877,107,97
5/31/2018,3,4,32,2904,110,96
6/1/2018,3,4,31,3805,115,92
6/2/2018,3,4,35,3700,117,94
6/3/2018,3,4,32,3841,114,95
6/4/2018,3,4,28,3167,122,91
6/5/2018,3,4,20,2908,121,95
6/6/2018,3,4,21,3307,104,93
6/7/2018,3,4,24,3576,123,92
6/8/2018,3,4,26,2575,122,91
6/9/2018,3,4,26,3588,125,94
6/10/2018,3,4,19,3169,111,97
6/11/2018,3,4,17,3149,124,91
6/12/2018,3,4,23,3717,105,91
6/13/2018,3,4,22,2562,108,96
6/14/2018,3,4,26,3751,123,95
6/15/2018,3,4,23,2691,117,97
6/16/2018,3,4,21,3038,132,92
6/17/2018,3,4,18,2569,108,92
6/18/2018,3,4,19,3616,115,91
6/19/2018,3,4,23,4153,109,97
6/20/2018,3,4,24,3807,132,92
6/21/2018,3,4,30,3321,108,97
6/22/2018,3,4,25,3665,113,91
6/23/2018,3,4,37,3257,112,93
6/24/2018,3,4,21,2754,112,97
6/25/2018,3,4,20,3984,124,94
6/26/2018,3,4,23,2962,116,95
6/27/2018,3,4,25,3909,113,97
6/28/2018,3,4,27,2544,110,92
6/29/2018,3,4,28,3360,105,91
6/30/2018,3,4,24,3816,121,91
7/1/2018,3,4,25,3853,120,93
7/2/2018,3,4,26,3329,110,97
7/3/2018,3,4,33,3186,128,94
7/4/2018,3,4,22,3182,113,97
7/5/2018,3,4,26,3590,128,96
7/6/2018,3,4,27,3368,109,93
7/7/2018,3,4,26,3985,131,96
7/8/2018,3,4,27,3288,112,94
7/9/2018,3,4,17,3347,120,92
7/10/2018,3,4,21,3094,122,96
7/11/2018,3,4,36,2872,122,95
7/12/2018,3,4,38,3953,129,96
7/13/2018,3,4,32,3283,116,93
7/14/2018,3,4,33,3180,121,95
7/15/2018,3,4,22,2750,132,91
7/16/2018,3,4,24,3455,116,97
7/17/2018,3,4,26,3980,116,93
7/18/2018,3,4,26,4172,109,94
7/19/2018,3,4,36,3938,104,93
7/20/2018,3,4,31,2954,131,94
7/21/2018,3,4,26,3111,128,91
7/22/2018,3,4,17,3810,119,95
7/23/2018,3,4,31,3766,133,92
7/24/2018,3,4,24,3550,122,93
7/25/2018,3,4,25,3448,118,96
7/26/2018,3,4,40,3536,123,91
7/27/2018,3,4,28,2551,130,91
7/28/2018,3,4,36,3000,133,92
7/29/2018,3,4,26,3638,123,97
7/30/2018,3,4,20,2682,106,94
7/31/2018,3,4,20,3407,105,96
8/1/2018,3,4,20,3137,122,91
8/2/2018,3,4,34,2849,126,94
8/3/2018,3,4,28,3592,127,95
8/4/2018,3,4,29,4141,129,91
8/5/2018,3,4,20,3258,107,95
8/6/2018,3,4,24,2877,118,92
8/7/2018,3,4,23,3664,104,92
8/8/2018,3,4,20,3379,126,97
8/9/2018,3,4,29,4118,120,93
8/10/2018,3,4,30,2912,131,92
8/11/2018,3,4,27,2872,124,96
8/12/2018,3,4,23,3851,126,92
8/13/2018,3,4,16,3528,128,93
8/14/2018,3,4,32,3764,113,95
8/15/2018,3,4,23,3783,127,96
8/16/2018,3,4,21,3699,124,95
8/17/2018,3,4,29,3388,108,96
8/18/2018,3,4,36,2983,123,97
8/19/2018,3,4,20,2574,105,94
8/20/2018,3,4,21,3043,104,97
8/21/2018,3,4,24,3260,120,92
8/22/2018,3,4,19,3326,126,93
8/23/2018,3,4,23,3937,116,97
8/24/2018,3,4,25,3394,115,95
8/25/2018,3,4,26,3229,124,96
8/26/2018,3,4,26,2876,126,97
8/27/2018,3,4,32,3119,117,96
8/28/2018,3,4,24,2809,106,94
8/29/2018,3,4,19,3958,114,97
8/30/2018,3,4,22,2759,126,95
8/31/2018,3,4,25,3700,110,91
9/1/2018,3,4,24,3060,109,94
9/2/2018,3,4,23,3401,125,91
9/3/2018,3,4,11,3117,124,94
9/4/2018,3,4,16,3548,126,96
9/5/2018,3,4,23,3833,107,95
9/6/2018,3,4,18,3496,117,96
9/7/2018,3,4,24,3096,130,97
9/8/2018,3,4,29,2764,113,92
9/9/2018,3,4,21,3429,108,94
9/10/2018,3,4,18,3596,109,94
9/11/2018,3,4,15,3566,114,95
9/12/2018,3,4,33,3299,132,92
9/13/2018,3,4,33,3298,124,93
9/14/2018,3,4,30,2793,126,94
9/15/2018,3,4,17,3860,122,97
9/16/2018,3,4,24,2587,129,97
9/17/2018,3,4,21,3940,105,92
9/18/2018,3,4,23,4136,108,92
9/19/2018,3,4,28,4200,123,96
9/20/2018,3,4,20,2557,119,91
9/21/2018,3,4,26,4141,118,93
9/22/2018,3,4,37,2897,118,97
9/23/2018,3,4,14,3060,131,96
9/24/2018,3,4,30,2654,113,92
9/25/2018,3,4,26,3334,126,92
9/26/2018,3,4,19,2946,128,94
9/27/2018,3,4,26,3515,108,95
9/28/2018,3,4,29,4170,110,97
9/29/2018,3,4,28,3043,127,93
9/30/2018,3,4,12,3689,120,93
10/1/2018,3,4,20,3026,129,91
10/2/2018,3,4,31,3156,126,97
10/3/2018,3,4,23,2607,129,97
10/4/2018,3,4,12,3656,123,96
10/5/2018,3,4,22,4043,122,95
10/6/2018,3,4,24,3610,120,95
10/7/2018,3,4,16,3804,131,96
10/8/2018,3,4,19,3809,110,96
10/9/2018,3,4,16,2884,113,95
10/10/2018,3,4,21,2908,131,93
10/11/2018,3,4,16,2584,126,92
10/12/2018,3,4,21,3904,130,95
10/13/2018,3,4,26,2616,104,96
10/14/2018,3,4,15,3432,104,97
10/15/2018,3,4,16,3999,118,94
10/16/2018,3,4,16,4133,124,95
10/17/2018,3,4,23,3477,124,96
10/18/2018,3,4,26,2554,104,95
10/19/2018,3,4,30,2682,106,95
10/20/2018,3,4,29,3978,109,97
10/21/2018,3,4,15,2547,115,91
10/22/2018,3,4,24,2743,129,93
10/23/2018,3,4,23,4187,126,97
10/24/2018,3,4,17,3556,129,95
10/25/2018,3,4,19,3295,110,95
10/26/2018,3,4,16,3112,108,91
10/27/2018,3,4,27,2656,109,96
10/28/2018,3,4,16,3809,125,91
10/29/2018,3,4,16,2720,104,96
10/30/2018,3,4,16,3505,115,92
10/31/2018,3,4,23,2843,120,92
11/1/2018,3,4,29,2911,106,92
11/2/2018,3,4,27,4167,126,97
11/3/2018,3,4,30,3848,133,97
11/4/2018,3,4,15,3809,118,91
11/5/2018,3,4,27,3277,121,97
11/6/2018,3,4,27,3403,127,96
11/7/2018,3,4,15,3616,120,91
11/8/2018,3,4,28,3518,124,91
11/9/2018,3,4,20,2833,105,91
11/10/2018,3,4,27,3780,121,93
11/11/2018,3,4,8,3631,113,96
11/12/2018,3,4,15,4028,109,97
11/13/2018,3,4,17,3361,127,95
11/14/2018,3,4,24,3443,109,94
11/15/2018,3,4,18,3507,119,94
11/16/2018,3,4,20,3029,113,91
11/17/2018,3,4,30,4153,125,91
11/18/2018,3,4,22,3635,106,92
11/19/2018,3,4,24,2600,122,96
11/20/2018,3,4,19,3742,108,97
11/21/2018,3,4,22,2545,127,91
11/22/2018,3,4,25,3461,109,96
11/23/2018,3,4,20,2697,115,95
11/24/2018,3,4,34,3824,107,91
11/25/2018,3,4,26,4077,104,95
11/26/2018,3,4,16,3515,131,96
11/27/2018,3,4,20,2571,120,96
11/28/2018,3,4,20,3418,104,96
11/29/2018,3,4,28,3284,122,92
11/30/2018,3,4,21,2918,130,92
12/1/2018,3,4,24,2558,117,93
12/2/2018,3,4,11,3441,106,93
12/3/2018,3,4,15,2801,106,92
12/4/2018,3,4,18,2768,128,94
12/5/2018,3,4,15,4186,129,95
12/6/2018,3,4,18,2629,131,94
12/7/2018,3,4,16,3511,110,97
12/8/2018,3,4,17,3794,129,92
12/9/2018,3,4,16,2858,123,91
12/10/2018,3,4,19,3873,104,93
12/11/2018,3,4,13,3756,126,91
12/12/2018,3,4,10,3036,114,92
12/13/2018,3,4,17,3145,127,93
12/14/2018,3,4,17,4186,116,96
12/15/2018,3,4,26,2897,127,97
12/16/2018,3,4,8,2504,114,93
12/17/2018,3,4,15,3798,132,92
12/18/2018,3,4,16,4005,104,94
12/19/2018,3,4,17,4039,108,92
12/20/2018,3,4,24,3459,123,91
12/21/2018,3,4,20,3416,127,97
12/22/2018,3,4,23,2509,127,91
12/23/2018,3,4,3,3540,120,93
12/24/2018,3,4,12,2565,124,95
12/25/2018,3,4,13,3461,119,91
12/26/2018,3,4,16,3298,109,95
12/27/2018,3,4,10,2784,104,96
12/28/2018,3,4,11,3851,114,91
12/29/2018,3,4,27,2776,121,97
12/30/2018,3,4,16,2941,111,95
12/31/2018,3,4,18,2755,124,91
1/1/2019,3,4,17,2626,133,94
1/2/2019,3,4,17,2933,118,96
1/3/2019,3,4,17,3879,109,96
1/4/2019,3,4,16,2537,107,96
1/5/2019,3,4,16,4139,118,92
1/6/2019,3,4,12,3629,112,94
1/7/2019,3,4,17,3742,119,93
1/8/2019,3,4,18,3857,122,93
1/9/2019,3,4,17,3685,123,93
1/10/2019,3,4,18,3651,116,95
1/11/2019,3,4,17,3340,106,92
1/12/2019,3,4,25,3581,127,92
1/13/2019,3,4,14,3781,110,95
1/14/2019,3,4,16,3150,115,97
1/15/2019,3,4,13,3960,132,91
1/16/2019,3,4,18,3361,113,96
1/17/2019,3,4,10,3141,110,95
1/18/2019,3,4,23,3752,112,91
1/19/2019,3,4,18,3724,113,92
1/20/2019,3,4,17,3043,124,91
1/21/2019,3,4,14,3685,130,93
1/22/2019,3,4,23,2758,130,94
1/23/2019,3,4,19,3394,131,94
1/24/2019,3,4,12,2676,115,95
1/25/2019,3,4,17,3356,111,96
1/26/2019,3,4,18,3386,105,93
1/27/2019,3,4,13,3057,124,96
1/28/2019,3,4,19,3947,125,96
1/29/2019,3,4,15,4112,133,96
1/30/2019,3,4,13,3631,127,96
1/31/2019,3,4,18,3642,129,91
2/1/2019,3,4,16,2834,122,94
2/2/2019,3,4,15,3842,132,94
2/3/2019,3,4,23,3187,118,92
2/4/2019,3,4,15,3485,128,93
2/5/2019,3,4,18,2605,130,96
2/6/2019,3,4,21,3061,115,92
2/7/2019,3,4,19,2702,133,94
2/8/2019,3,4,28,4062,107,94
2/9/2019,3,4,14,3967,125,92
2/10/2019,3,4,8,2583,121,96
2/11/2019,3,4,18,3080,126,92
2/12/2019,3,4,17,2525,112,93
2/13/2019,3,4,17,3894,122,95
2/14/2019,3,4,25,3930,131,97
2/15/2019,3,4,22,3033,118,94
2/16/2019,3,4,22,3066,121,91
2/17/2019,3,4,13,3271,110,97
2/18/2019,3,4,20,2976,133,94
2/19/2019,3,4,12,3160,114,95
2/20/2019,3,4,18,3029,122,95
2/21/2019,3,4,17,3771,133,95
2/22/2019,3,4,20,3717,108,96
2/23/2019,3,4,15,3342,131,94
2/24/2019,3,4,17,3615,133,97
2/25/2019,3,4,17,2739,107,92
2/26/2019,3,4,14,3726,108,97
2/27/2019,3,4,16,3277,107,95
2/28/2019,3,4,21,2975,121,96
3/1/2019,3,4,27,3886,121,93
3/2/2019,3,4,23,3989,120,91
3/3/2019,3,4,14,3647,133,97
3/4/2019,3,4,14,3988,123,91
3/5/2019,3,4,20,3877,110,97
3/6/2019,3,4,21,2955,106,97
3/7/2019,3,4,17,3033,114,92
3/8/2019,3,4,26,3668,106,94
3/9/2019,3,4,34,3806,117,95
3/10/2019,3,4,25,4128,114,91
3/11/2019,3,4,22,3284,133,96
3/12/2019,3,4,14,4073,127,91
3/13/2019,3,4,24,3132,132,93
3/14/2019,3,4,28,2823,123,91
3/15/2019,3,4,20,3959,127,92
3/16/2019,3,4,29,2753,122,96
3/17/2019,3,4,24,3365,118,97
3/18/2019,3,4,31,4079,126,93
3/19/2019,3,4,14,2805,113,92
3/20/2019,3,4,20,3519,127,97
3/21/2019,3,4,25,3210,120,97
3/22/2019,3,4,24,3807,119,93
3/23/2019,3,4,24,3293,126,94
3/24/2019,3,4,17,3512,104,93
3/25/2019,3,4,22,2606,125,91
3/26/2019,3,4,22,2577,118,91
3/27/2019,3,4,20,3656,119,93
3/28/2019,3,4,18,4069,114,95
3/29/2019,3,4,26,3994,110,93
3/30/2019,3,4,24,4086,117,96
3/31/2019,3,4,16,3712,127,92
4/1/2019,3,4,22,3808,119,96
4/2/2019,3,4,23,3674,124,97
4/3/2019,3,4,23,2628,118,94
4/4/2019,3,4,27,2995,121,97
4/5/2019,3,4,27,3242,104,97
4/6/2019,3,4,34,3682,108,95
4/7/2019,3,4,16,2605,132,92
4/8/2019,3,4,32,3326,109,94
4/9/2019,3,4,17,3209,114,93
4/10/2019,3,4,16,2573,121,97
4/11/2019,3,4,27,3951,131,94
4/12/2019,3,4,19,3039,122,93
4/13/2019,3,4,29,3875,123,96
4/14/2019,3,4,19,2777,132,95
4/15/2019,3,4,20,2765,111,97
4/16/2019,3,4,20,3406,131,92
4/17/2019,3,4,19,3562,117,94
4/18/2019,3,4,30,4081,112,94
4/19/2019,3,4,33,2987,106,97
4/20/2019,3,4,32,2841,125,93
4/21/2019,3,4,16,3837,120,92
4/22/2019,3,4,22,4197,106,95
4/23/2019,3,4,19,3510,120,91
4/24/2019,3,4,18,4167,107,94
4/25/2019,3,4,17,3390,111,95
4/26/2019,3,4,29,4075,129,95
4/27/2019,3,4,25,3880,118,96
4/28/2019,3,4,25,3874,107,96
4/29/2019,3,4,24,2633,105,96
4/30/2019,3,4,17,2736,105,93
5/1/2019,3,4,27,4172,119,93
5/2/2019,3,4,18,3067,116,94
5/3/2019,3,4,27,3890,115,94
5/4/2019,3,4,26,2800,130,97
5/5/2019,3,4,28,2761,123,92
5/6/2019,3,4,19,3379,124,96
5/7/2019,3,4,30,2986,118,91
5/8/2019,3,4,26,3467,113,93
5/9/2019,3,4,31,3450,119,96
5/10/2019,3,4,23,4068,107,97
5/11/2019,3,4,32,2804,110,94
5/12/2019,3,4,27,2926,116,93
5/13/2019,3,4,24,2932,113,97
5/14/2019,3,4,31,3007,106,95
5/15/2019,3,4,33,3492,130,94
5/16/2019,3,4,31,3339,109,91
5/17/2019,3,4,24,2587,115,92
5/18/2019,3,4,44,3083,116,97
5/19/2019,3,4,19,3706,104,93
5/20/2019,3,4,21,2751,108,93
5/21/2019,3,4,31,3864,111,92
5/22/2019,3,4,20,2775,120,93
5/23/2019,3,4,22,3295,106,93
5/24/2019,3,4,26,3467,112,92
5/25/2019,3,4,33,3664,128,96
5/26/2019,3,4,16,3860,109,93
5/27/2019,3,4,23,3895,105,93
5/28/2019,3,4,22,3662,121,91
5/29/2019,3,4,32,3212,126,92
5/30/2019,3,4,28,2713,115,97
5/31/2019,3,4,33,3959,111,92
6/1/2019,3,4,28,2999,127,94
6/2/2019,3,4,23,3349,129,97
6/3/2019,3,4,32,3600,108,97
6/4/2019,3,4,30,4151,129,95
6/5/2019,3,4,34,2601,128,97
6/6/2019,3,4,32,2738,118,96
6/7/2019,3,4,31,3593,118,96
6/8/2019,3,4,33,3808,130,96
6/9/2019,3,4,24,3295,131,97
6/10/2019,3,4,32,3376,123,96
6/11/2019,3,4,26,3215,132,93
6/12/2019,3,4,29,3838,128,95
6/13/2019,3,4,26,2800,109,95
6/14/2019,3,4,33,2848,118,93
6/15/2019,3,4,30,2964,109,92
6/16/2019,3,4,20,2792,120,94
6/17/2019,3,4,28,2628,106,91
6/18/2019,3,4,25,3536,107,93
6/19/2019,3,4,32,3724,124,91
6/20/2019,3,4,35,3623,109,97
6/21/2019,3,4,31,3118,110,92
6/22/2019,3,4,35,3281,107,93
6/23/2019,3,4,25,2850,120,95
6/24/2019,3,4,24,2622,126,93
6/25/2019,3,4,24,3905,109,97
6/26/2019,3,4,23,3023,121,94
6/27/2019,3,4,36,2583,106,97
6/28/2019,3,4,30,3292,124,92
6/29/2019,3,4,41,2994,105,92
6/30/2019,3,4,14,3902,123,91
7/1/2019,3,4,33,3997,126,97
7/2/2019,3,4,21,3660,118,97
7/3/2019,3,4,33,3482,124,95
7/4/2019,3,4,40,2837,124,95
7/5/2019,3,4,38,3923,108,96
7/6/2019,3,4,46,3784,104,91
7/7/2019,3,4,24,2575,132,91
7/8/2019,3,4,25,3179,126,94
7/9/2019,3,4,34,2707,107,94
7/10/2019,3,4,32,3999,112,95
7/11/2019,3,4,34,3139,107,94
7/12/2019,3,4,34,2872,129,92
7/13/2019,3,4,34,3616,123,95
7/14/2019,3,4,23,2890,119,91
7/15/2019,3,4,28,2648,109,94
7/16/2019,3,4,25,3975,128,96
7/17/2019,3,4,28,3411,128,96
7/18/2019,3,4,32,3384,112,95
7/19/2019,3,4,32,2524,110,91
7/20/2019,3,4,36,2675,113,95
7/21/2019,3,4,23,3732,106,93
7/22/2019,3,4,36,2818,105,94
7/23/2019,3,4,30,3909,107,93
7/24/2019,3,4,19,3437,131,93
7/25/2019,3,4,34,4001,115,91
7/26/2019,3,4,32,2689,105,91
7/27/2019,3,4,41,3172,116,92
7/28/2019,3,4,23,2693,110,91
7/29/2019,3,4,29,3176,113,91
7/30/2019,3,4,21,3086,120,93
7/31/2019,3,4,21,3824,114,95
8/1/2019,3,4,36,2960,133,94
8/2/2019,3,4,33,3420,119,94
8/3/2019,3,4,26,3699,125,94
8/4/2019,3,4,22,3065,131,97
8/5/2019,3,4,24,4094,126,93
8/6/2019,3,4,19,2651,115,92
8/7/2019,3,4,26,3162,121,95
8/8/2019,3,4,32,4189,115,95
8/9/2019,3,4,37,3101,110,94
8/10/2019,3,4,43,3919,111,96
8/11/2019,3,4,20,3638,131,97
8/12/2019,3,4,23,2747,117,94
8/13/2019,3,4,14,3328,107,91
8/14/2019,3,4,37,3607,111,93
8/15/2019,3,4,26,3637,108,96
8/16/2019,3,4,43,3287,107,95
8/17/2019,3,4,31,3449,104,92
8/18/2019,3,4,21,3013,129,91
8/19/2019,3,4,18,3941,126,97
8/20/2019,3,4,23,3068,128,95
8/21/2019,3,4,20,2766,111,93
8/22/2019,3,4,25,2678,123,91
8/23/2019,3,4,36,3503,113,93
8/24/2019,3,4,28,3182,115,95
8/25/2019,3,4,22,3413,117,97
8/26/2019,3,4,23,3980,133,93
8/27/2019,3,4,20,2572,115,96
8/28/2019,3,4,36,4010,133,95
8/29/2019,3,4,26,3657,120,96
8/30/2019,3,4,30,2904,129,93
8/31/2019,3,4,32,3957,120,92
9/1/2019,3,4,15,3971,111,94
9/2/2019,3,4,29,4138,110,95
9/3/2019,3,4,18,3658,128,94
9/4/2019,3,4,23,2637,107,92
9/5/2019,3,4,34,2741,116,92
9/6/2019,3,4,32,3905,108,97
9/7/2019,3,4,43,3664,119,92
9/8/2019,3,4,17,2686,117,97
9/9/2019,3,4,29,2598,121,96
9/10/2019,3,4,31,2898,109,96
9/11/2019,3,4,21,2507,125,95
9/12/2019,3,4,25,3087,128,92
9/13/2019,3,4,27,3838,127,92
9/14/2019,3,4,34,3004,125,97
9/15/2019,3,4,14,3471,107,94
9/16/2019,3,4,24,3100,130,92
9/17/2019,3,4,20,2959,125,95
9/18/2019,3,4,23,3150,117,91
9/19/2019,3,4,27,4121,111,92
9/20/2019,3,4,36,3392,128,94
9/21/2019,3,4,29,3575,109,92
9/22/2019,3,4,22,3811,126,91
9/23/2019,3,4,35,3893,113,97
9/24/2019,3,4,31,3265,133,91
9/25/2019,3,4,28,3000,124,94
9/26/2019,3,4,30,3792,131,92
9/27/2019,3,4,32,2998,118,95
9/28/2019,3,4,26,4073,113,91
9/29/2019,3,4,21,4084,131,93
9/30/2019,3,4,21,3222,109,96
10/1/2019,3,4,38,3227,117,94
10/2/2019,3,4,26,3752,109,97
10/3/2019,3,4,20,2979,120,95
10/4/2019,3,4,30,4131,105,97
10/5/2019,3,4,28,3659,131,92
10/6/2019,3,4,20,2932,106,96
10/7/2019,3,4,28,3736,126,97
10/8/2019,3,4,17,4077,118,94
10/9/2019,3,4,32,2747,114,94
10/10/2019,3,4,27,3496,105,97
10/11/2019,3,4,15,3202,132,94
10/12/2019,3,4,35,3431,124,97
10/13/2019,3,4,19,3352,117,94
10/14/2019,3,4,22,2654,126,92
10/15/2019,3,4,14,2658,108,97
10/16/2019,3,4,29,4151,117,94
10/17/2019,3,4,26,3326,111,96
10/18/2019,3,4,31,2530,109,94
10/19/2019,3,4,27,3295,116,93
10/20/2019,3,4,18,3688,126,92
10/21/2019,3,4,23,3444,126,95
10/22/2019,3,4,25,3614,107,91
10/23/2019,3,4,25,3765,131,93
10/24/2019,3,4,23,2891,123,91
10/25/2019,3,4,29,2585,119,91
10/26/2019,3,4,30,3530,133,95
10/27/2019,3,4,16,2571,114,96
10/28/2019,3,4,18,2506,120,91
10/29/2019,3,4,31,3557,112,92
10/30/2019,3,4,25,2673,131,97
10/31/2019,3,4,16,3514,127,96
11/1/2019,3,4,27,4154,125,96
11/2/2019,3,4,32,2987,117,96
11/3/2019,3,4,23,2941,126,93
11/4/2019,3,4,28,4152,115,93
11/5/2019,3,4,22,3971,124,94
11/6/2019,3,4,17,2974,131,94
11/7/2019,3,4,37,3961,127,96
11/8/2019,3,4,23,3094,122,97
11/9/2019,3,4,37,4117,124,96
11/10/2019,3,4,28,4152,124,93
11/11/2019,3,4,32,2817,110,95
11/12/2019,3,4,30,3525,131,93
11/13/2019,3,4,27,2901,122,95
11/14/2019,3,4,30,3514,121,92
11/15/2019,3,4,31,3476,128,96
11/16/2019,3,4,30,2824,118,94
11/17/2019,3,4,24,3268,119,94
11/18/2019,3,4,23,3871,122,94
11/19/2019,3,4,29,2722,123,94
11/20/2019,3,4,25,2572,114,95
11/21/2019,3,4,32,2885,133,95
11/22/2019,3,4,27,2895,128,96
11/23/2019,3,4,25,3491,132,92
11/24/2019,3,4,23,3457,132,97
11/25/2019,3,4,18,2834,117,94
11/26/2019,3,4,22,3504,120,95
11/27/2019,3,4,27,4018,118,97
11/28/2019,3,4,17,3474,111,94
11/29/2019,3,4,35,3207,113,92
11/30/2019,3,4,26,3195,120,92
12/1/2019,3,4,13,2984,114,95
12/2/2019,3,4,13,2553,125,91
12/3/2019,3,4,17,3865,115,91
12/4/2019,3,4,16,4198,124,92
12/5/2019,3,4,16,3805,111,93
12/6/2019,3,4,15,2914,107,97
12/7/2019,3,4,18,2850,116,91
12/8/2019,3,4,9,2560,114,96
12/9/2019,3,4,7,3720,104,94
12/10/2019,3,4,18,3436,132,96
12/11/2019,3,4,22,2813,123,91
12/12/2019,3,4,19,4072,105,97
12/13/2019,3,4,23,3239,108,93
12/14/2019,3,4,17,2562,108,95
12/15/2019,3,4,14,4086,121,95
12/16/2019,3,4,10,3308,122,96
12/17/2019,3,4,19,3761,109,92
12/18/2019,3,4,21,3356,104,93
12/19/2019,3,4,17,2806,130,95
12/20/2019,3,4,23,3762,105,97
12/21/2019,3,4,19,4066,114,91
12/22/2019,3,4,5,4066,106,97
12/23/2019,3,4,15,3754,108,96
12/24/2019,3,4,20,3674,113,93
12/25/2019,3,4,16,3037,105,96
12/26/2019,3,4,14,2849,108,93
12/27/2019,3,4,20,2670,118,94
12/28/2019,3,4,14,2948,108,91
12/29/2019,3,4,14,2957,118,94
12/30/2019,3,4,22,2810,106,95
12/31/2019,3,4,15,3165,133,91
1/1/2020,3,4,21,3541,124,95
1/2/2020,3,4,21,3950,118,93
1/3/2020,3,4,15,2770,127,96
1/4/2020,3,4,23,2709,117,97
1/5/2020,3,4,12,2824,131,92
1/6/2020,3,4,19,2529,133,93
1/7/2020,3,4,11,3584,107,94
1/8/2020,3,4,14,2636,124,94
1/9/2020,3,4,18,4113,130,96
1/10/2020,3,4,22,3925,119,95
1/11/2020,3,4,20,2783,130,92
1/12/2020,3,4,13,4043,133,97
1/13/2020,3,4,19,2812,123,95
1/14/2020,3,4,12,4190,109,91
1/15/2020,3,4,11,4130,122,92
1/16/2020,3,4,15,3481,126,92
1/17/2020,3,4,17,3865,105,91
1/18/2020,3,4,16,3801,114,97
1/19/2020,3,4,12,4010,128,96
1/20/2020,3,4,14,2813,127,93
1/21/2020,3,4,16,2664,122,95
1/22/2020,3,4,18,2562,127,92
1/23/2020,3,4,22,2838,123,92
1/24/2020,3,4,19,4173,113,92
1/25/2020,3,4,17,3120,118,96
1/26/2020,3,4,15,3884,111,94
1/27/2020,3,4,23,3749,116,93
1/28/2020,3,4,11,4063,115,95
1/29/2020,3,4,17,3666,114,95
1/30/2020,3,4,19,4020,109,91
1/31/2020,3,4,18,2555,107,91
2/1/2020,3,4,17,3286,115,92
2/2/2020,3,4,13,2827,106,97
2/3/2020,3,4,21,2605,114,97
2/4/2020,3,4,15,4065,113,93
2/5/2020,3,4,19,3824,123,95
2/6/2020,3,4,20,4112,111,94
2/7/2020,3,4,22,3066,105,95
2/8/2020,3,4,16,2991,122,93
2/9/2020,3,4,18,2939,125,94
2/10/2020,3,4,22,3222,121,97
2/11/2020,3,4,18,3643,119,95
2/12/2020,3,4,16,3025,113,92
2/13/2020,3,4,25,3192,133,97
2/14/2020,3,4,15,3635,116,91
2/15/2020,3,4,25,4164,107,94
2/16/2020,3,4,14,3799,126,91
2/17/2020,3,4,17,2793,108,96
2/18/2020,3,4,16,2657,128,94
2/19/2020,3,4,13,3017,117,96
2/20/2020,3,4,16,2690,117,91
2/21/2020,3,4,28,2546,125,96
2/22/2020,3,4,21,3646,108,92
2/23/2020,3,4,14,3138,122,92
2/24/2020,3,4,18,3602,106,94
2/25/2020,3,4,23,3230,115,94
2/26/2020,3,4,20,3409,105,94
2/27/2020,3,4,28,3298,133,92
2/28/2020,3,4,21,4092,119,96
3/1/2020,3,4,19,3982,120,95
3/2/2020,3,4,15,2600,111,92
3/3/2020,3,4,26,2855,127,93
3/4/2020,3,4,26,3471,113,95
3/5/2020,3,4,26,2696,116,96
3/6/2020,3,4,32,3060,109,96
3/7/2020,3,4,21,2960,130,91
3/8/2020,3,4,23,3160,119,91
3/9/2020,3,4,14,3806,122,94
3/10/2020,3,4,18,3777,104,91
3/11/2020,3,4,16,4009,120,94
3/12/2020,3,4,17,2514,106,91
3/13/2020,3,4,21,3304,114,93
3/14/2020,3,4,17,2983,121,91
3/15/2020,3,4,38,2546,125,95
3/16/2020,3,4,19,3239,133,97
3/17/2020,3,4,15,2828,108,91
3/18/2020,3,4,23,2610,110,93
3/19/2020,3,4,23,3833,115,93
3/20/2020,3,4,28,4153,113,94
3/21/2020,3,4,19,2867,118,93
3/22/2020,3,4,36,3218,123,91
3/23/2020,3,4,21,2858,115,96
3/24/2020,3,4,19,2965,116,93
3/25/2020,3,4,13,3078,130,96
3/26/2020,3,4,18,4101,105,92
3/27/2020,3,4,22,3798,133,95
3/28/2020,3,4,29,3735,118,96
3/29/2020,3,4,29,3679,133,93
3/30/2020,3,4,22,2888,105,97
3/31/2020,3,4,18,2907,112,97
4/1/2020,3,4,23,3401,126,97
4/2/2020,3,4,20,3598,124,97
4/3/2020,3,4,25,3097,105,94
4/4/2020,3,4,23,2818,120,96
4/5/2020,3,4,23,4066,133,93
4/6/2020,3,4,14,2928,108,91
4/7/2020,3,4,18,3959,112,97
4/8/2020,3,4,22,2567,114,95
4/9/2020,3,4,20,2814,131,91
4/10/2020,3,4,23,3198,106,94
4/11/2020,3,4,32,3889,130,95
4/12/2020,3,4,38,3855,132,92
4/13/2020,3,4,13,2643,106,95
4/14/2020,3,4,24,2886,127,94
4/15/2020,3,4,24,2668,115,92
4/16/2020,3,4,31,3411,129,95
4/17/2020,3,4,27,3396,119,96
4/18/2020,3,4,37,3952,105,91
4/19/2020,3,4,31,3738,113,94
4/20/2020,3,4,20,3518,110,96
4/21/2020,3,4,27,3904,125,95
4/22/2020,3,4,32,3597,118,94
4/23/2020,3,4,20,4167,125,95
4/24/2020,3,4,37,2763,109,94
4/25/2020,3,4,33,4145,131,97
4/26/2020,3,4,26,3819,116,95
4/27/2020,3,4,19,2597,129,96
4/28/2020,3,4,29,3298,130,91
4/29/2020,3,4,23,3920,109,91
4/30/2020,3,4,26,2674,119,94
5/1/2020,3,4,26,4085,117,92
5/2/2020,3,4,38,3055,125,93
5/3/2020,3,4,39,3720,105,97
5/4/2020,3,4,19,3542,105,92
5/5/2020,3,4,21,4015,117,95
5/6/2020,3,4,35,3569,112,92
5/7/2020,3,4,28,4097,109,91
5/8/2020,3,4,36,3789,112,91
5/9/2020,3,4,32,2516,132,96
5/10/2020,3,4,30,2751,104,96
5/11/2020,3,4,24,3606,131,95
5/12/2020,3,4,30,4064,104,95
5/13/2020,3,4,29,3717,124,97
5/14/2020,3,4,30,3507,122,95
5/15/2020,3,4,24,3995,109,95
5/16/2020,3,4,38,3470,124,96
5/17/2020,3,4,36,2911,118,94
5/18/2020,3,4,30,4070,111,94
5/19/2020,3,4,30,2837,127,91
5/20/2020,3,4,21,3363,104,93
5/21/2020,3,4,34,3455,126,92
5/22/2020,3,4,23,3516,129,91
5/23/2020,3,4,20,3227,127,93
5/24/2020,3,4,24,3457,122,91
5/25/2020,3,4,22,2804,115,93
5/26/2020,3,4,22,3869,126,95
5/27/2020,3,4,21,3511,113,93
5/28/2020,3,4,45,2957,112,94
5/29/2020,3,4,24,3096,128,96
5/30/2020,3,4,36,3331,120,94
5/31/2020,3,4,39,2948,117,94
6/1/2020,3,4,25,3235,113,94
6/2/2020,3,4,32,3614,104,97
6/3/2020,3,4,21,3624,117,91
6/4/2020,3,4,32,2908,116,95
6/5/2020,3,4,42,2919,126,94
6/6/2020,3,4,37,4119,111,91
6/7/2020,3,4,39,4010,114,97
6/8/2020,3,4,22,3608,133,91
6/9/2020,3,4,30,2722,121,95
6/10/2020,3,4,30,3544,127,91
6/11/2020,3,4,28,2758,116,95
6/12/2020,3,4,35,3031,108,93
6/13/2020,3,4,37,2874,123,95
6/14/2020,3,4,37,3097,126,96
6/15/2020,3,4,23,3301,104,94
6/16/2020,3,4,17,3806,108,94
6/17/2020,3,4,26,3889,127,91
6/18/2020,3,4,26,3958,118,96
6/19/2020,3,4,32,4095,120,94
6/20/2020,3,4,40,3145,127,91
6/21/2020,3,4,41,3175,126,96
6/22/2020,3,4,21,3586,115,94
6/23/2020,3,4,21,3997,129,94
6/24/2020,3,4,33,3922,110,91
6/25/2020,3,4,29,3515,125,93
6/26/2020,3,4,21,3142,129,92
6/27/2020,3,4,33,3427,124,91
6/28/2020,3,4,45,4035,126,96
6/29/2020,3,4,27,3476,110,94
6/30/2020,3,4,21,3886,133,96
7/1/2020,3,4,34,3890,129,92
7/2/2020,3,4,24,3491,109,93
7/3/2020,3,4,34,2790,110,95
7/4/2020,3,4,38,2662,119,92
7/5/2020,3,4,50,3641,127,95
7/6/2020,3,4,26,3593,124,95
7/7/2020,3,4,29,3155,127,96
7/8/2020,3,4,31,3414,117,92
7/9/2020,3,4,36,3126,118,92
7/10/2020,3,4,28,2715,113,91
7/11/2020,3,4,40,3467,121,91
7/12/2020,3,4,46,2804,125,96
7/13/2020,3,4,24,3947,109,93
7/14/2020,3,4,30,4042,133,96
7/15/2020,3,4,31,3512,106,97
7/16/2020,3,4,35,2867,119,96
7/17/2020,3,4,32,2585,107,94
7/18/2020,3,4,30,3229,113,97
7/19/2020,3,4,41,2813,106,96
7/20/2020,3,4,25,4119,108,91
7/21/2020,3,4,29,2544,130,93
7/22/2020,3,4,33,3122,121,91
7/23/2020,3,4,36,3208,118,95
7/24/2020,3,4,40,2931,118,91
7/25/2020,3,4,34,2860,111,93
7/26/2020,3,4,31,3599,125,91
7/27/2020,3,4,32,3234,133,97
7/28/2020,3,4,24,3948,113,97
7/29/2020,3,4,29,3926,126,96
7/30/2020,3,4,28,2765,109,97
7/31/2020,3,4,30,2734,130,94
8/1/2020,3,4,29,3997,132,93
8/2/2020,3,4,34,3808,127,97
8/3/2020,3,4,18,2506,122,96
8/4/2020,3,4,21,2719,107,91
8/5/2020,3,4,33,3211,122,97
8/6/2020,3,4,24,3782,106,96
8/7/2020,3,4,30,3636,115,96
8/8/2020,3,4,31,3299,107,96
8/9/2020,3,4,34,3377,129,95
8/10/2020,3,4,31,2915,129,91
8/11/2020,3,4,22,4101,125,91
8/12/2020,3,4,31,3720,113,94
8/13/2020,3,4,21,2582,129,96
8/14/2020,3,4,24,3251,126,94
8/15/2020,3,4,18,3665,121,94
8/16/2020,3,4,21,3914,126,95
8/17/2020,3,4,16,3592,122,96
8/18/2020,3,4,31,2866,121,97
8/19/2020,3,4,20,3865,128,97
8/20/2020,3,4,20,3667,118,92
8/21/2020,3,4,31,3525,114,95
8/22/2020,3,4,30,3979,122,91
8/23/2020,3,4,37,3959,107,97
8/24/2020,3,4,16,3349,125,96
8/25/2020,3,4,34,3583,104,93
8/26/2020,3,4,26,2767,120,91
8/27/2020,3,4,21,2927,126,93
8/28/2020,3,4,27,3779,105,93
8/29/2020,3,4,38,4003,110,95
8/30/2020,3,4,38,4098,107,92
8/31/2020,3,4,15,2767,131,96
9/1/2020,3,4,25,3634,123,96
9/2/2020,3,4,18,3768,107,97
9/3/2020,3,4,27,4161,121,96
9/4/2020,3,4,38,3544,113,94
9/5/2020,3,4,24,4146,107,92
9/6/2020,3,4,29,3858,127,94
9/7/2020,3,4,16,3332,130,91
9/8/2020,3,4,31,3258,130,93
9/9/2020,3,4,26,2727,125,95
9/10/2020,3,4,34,3575,125,95
9/11/2020,3,4,20,2835,123,95
9/12/2020,3,4,31,2817,120,97
9/13/2020,3,4,37,4007,108,93
9/14/2020,3,4,22,2700,104,97
9/15/2020,3,4,18,3360,123,94
9/16/2020,3,4,17,2845,119,91
9/17/2020,3,4,27,3723,125,94
9/18/2020,3,4,28,3384,106,97
9/19/2020,3,4,31,3419,104,97
9/20/2020,3,4,44,2770,125,93
9/21/2020,3,4,27,4002,118,93
9/22/2020,3,4,25,3050,119,91
9/23/2020,3,4,16,2758,104,92
9/24/2020,3,4,22,3994,130,91
9/25/2020,3,4,21,4200,121,93
9/26/2020,3,4,25,3334,110,97
9/27/2020,3,4,29,3092,104,97
9/28/2020,3,4,20,3696,122,96
9/29/2020,3,4,24,4016,121,93
9/30/2020,3,4,26,3672,125,92
10/1/2020,3,4,17,3212,115,91
10/2/2020,3,4,23,3407,114,95
10/3/2020,3,4,40,3340,116,96
10/4/2020,3,4,27,2596,110,92
10/5/2020,3,4,17,4103,111,96
10/6/2020,3,4,19,3206,127,94
10/7/2020,3,4,26,3117,128,95
10/8/2020,3,4,25,2799,122,91
10/9/2020,3,4,30,3396,111,94
10/10/2020,3,4,31,3842,131,91
10/11/2020,3,4,37,3566,125,97
10/12/2020,3,4,20,2931,116,92
10/13/2020,3,4,20,3960,122,92
10/14/2020,3,4,24,3622,121,97
10/15/2020,3,4,27,3771,121,96
10/16/2020,3,4,27,3043,121,97
10/17/2020,3,4,27,3645,121,96
10/18/2020,3,4,24,2522,115,95
10/19/2020,3,4,16,4041,110,96
10/20/2020,3,4,20,3662,104,96
10/21/2020,3,4,20,3479,125,94
10/22/2020,3,4,27,3460,131,96
10/23/2020,3,4,25,3991,110,94
10/24/2020,3,4,27,2834,109,96
10/25/2020,3,4,28,3101,129,92
10/26/2020,3,4,22,4039,125,91
10/27/2020,3,4,21,3447,110,94
10/28/2020,3,4,14,2731,130,97
10/29/2020,3,4,23,3772,120,97
10/30/2020,3,4,36,3552,107,95
10/31/2020,3,4,24,3370,125,94
11/1/2020,3,4,33,2912,122,97
11/2/2020,3,4,18,3903,105,92
11/3/2020,3,4,30,3980,116,91
11/4/2020,3,4,28,4076,105,94
11/5/2020,3,4,22,3337,109,96
11/6/2020,3,4,38,3689,125,94
11/7/2020,3,4,27,2681,116,92
11/8/2020,3,4,29,3867,120,94
11/9/2020,3,4,19,2806,108,91
11/10/2020,3,4,27,3481,111,93
11/11/2020,3,4,28,3939,112,94
11/12/2020,3,4,29,2728,114,91
11/13/2020,3,4,28,3914,124,97
11/14/2020,3,4,26,3235,133,94
11/15/2020,3,4,25,3927,130,95
11/16/2020,3,4,25,2998,105,91
11/17/2020,3,4,21,2844,118,94
11/18/2020,3,4,19,4163,132,94
11/19/2020,3,4,26,4127,109,92
11/20/2020,3,4,28,4100,131,96
11/21/2020,3,4,31,3935,124,94
11/22/2020,3,4,39,2764,120,95
11/23/2020,3,4,27,3797,122,93
11/24/2020,3,4,21,3076,123,97
11/25/2020,3,4,24,2770,114,94
11/26/2020,3,4,30,2651,113,95
11/27/2020,3,4,16,3643,122,94
11/28/2020,3,4,30,4160,106,93
11/29/2020,3,4,41,2512,117,91
11/30/2020,3,4,20,4179,120,94
12/1/2020,3,4,20,2682,130,91
12/2/2020,3,4,15,3601,120,94
12/3/2020,3,4,13,4194,106,96
12/4/2020,3,4,17,2750,121,93
12/5/2020,3,4,20,2587,131,93
12/6/2020,3,4,23,3852,112,96
12/7/2020,3,4,15,3610,130,93
12/8/2020,3,4,20,3934,122,93
12/9/2020,3,4,18,3371,106,96
12/10/2020,3,4,12,3017,128,91
12/11/2020,3,4,24,3054,129,97
12/12/2020,3,4,23,3327,127,97
12/13/2020,3,4,24,2698,117,95
12/14/2020,3,4,13,3230,125,91
12/15/2020,3,4,18,3264,126,97
12/16/2020,3,4,15,3965,106,94
12/17/2020,3,4,13,2533,128,92
12/18/2020,3,4,24,3957,114,91
12/19/2020,3,4,18,3567,132,96
12/20/2020,3,4,14,2924,112,93
12/21/2020,3,4,7,3913,129,96
12/22/2020,3,4,17,4016,122,91
12/23/2020,3,4,17,2564,115,92
12/24/2020,3,4,19,4101,124,93
12/25/2020,3,4,20,3896,129,91
12/26/2020,3,4,20,3739,132,94
12/27/2020,3,4,22,2654,116,95
12/28/2020,3,4,15,4147,115,92
12/29/2020,3,4,8,2871,104,91
12/30/2020,3,4,13,3407,127,92
12/31/2020,3,4,16,3650,108,92
1/1/2021,3,4,17,3029,119,95
1/2/2021,3,4,13,2727,106,92
1/3/2021,3,4,31,2904,111,95
1/4/2021,3,4,15,3313,125,91
1/5/2021,3,4,19,3002,114,97
1/6/2021,3,4,18,3553,115,97
1/7/2021,3,4,19,3347,112,94
1/8/2021,3,4,22,2693,129,94
1/9/2021,3,4,19,3010,110,91
1/10/2021,3,4,23,4053,107,93
1/11/2021,3,4,12,3495,112,95
1/12/2021,3,4,21,4163,112,97
1/13/2021,3,4,12,3752,133,94
1/14/2021,3,4,12,3765,106,97
1/15/2021,3,4,12,4142,117,93
1/16/2021,3,4,27,4040,113,97
1/17/2021,3,4,20,3078,114,92
1/18/2021,3,4,20,4105,119,93
1/19/2021,3,4,18,3965,121,92
1/20/2021,3,4,18,3059,125,92
1/21/2021,3,4,21,4195,113,97
1/22/2021,3,4,23,3391,124,97
1/23/2021,3,4,12,3857,105,97
1/24/2021,3,4,30,3214,112,91
1/25/2021,3,4,16,4160,123,96
1/26/2021,3,4,15,2656,115,97
1/27/2021,3,4,20,2519,110,95
1/28/2021,3,4,18,4047,104,97
1/29/2021,3,4,19,3047,130,94
1/30/2021,3,4,22,3595,133,93
1/31/2021,3,4,20,3777,107,91
2/1/2021,3,4,17,3971,133,92
2/2/2021,3,4,13,4000,120,97
2/3/2021,3,4,26,2623,131,97
2/4/2021,3,4,24,3591,121,95
2/5/2021,3,4,31,2968,127,95
2/6/2021,3,4,26,2524,117,93
2/7/2021,3,4,31,3279,132,95
2/8/2021,3,4,11,3018,125,94
2/9/2021,3,4,12,3305,128,93
2/10/2021,3,4,10,2578,116,91
2/11/2021,3,4,23,3311,114,94
2/12/2021,3,4,26,3319,121,95
2/13/2021,3,4,28,2783,106,94
2/14/2021,3,4,22,3428,105,93
2/15/2021,3,4,13,3732,106,94
2/16/2021,3,4,17,3527,125,91
2/17/2021,3,4,14,2967,111,95
2/18/2021,3,4,20,3183,132,96
2/19/2021,3,4,22,3797,130,91
2/20/2021,3,4,29,3555,124,93
2/21/2021,3,4,30,3959,133,92
2/22/2021,3,4,26,3373,119,96
2/23/2021,3,4,13,3321,123,94
2/24/2021,3,4,20,2995,109,93
2/25/2021,3,4,19,3036,112,91
2/26/2021,3,4,23,3912,115,93
2/27/2021,3,4,17,3475,120,92
2/28/2021,3,4,17,2678,115,93
2/29/2021,3,4,23,3499,125,91
3/1/2021,3,4,19,3158,125,91
3/2/2021,3,4,23,3404,127,92
3/3/2021,3,4,20,3484,126,91
3/4/2021,3,4,29,3336,118,95
3/5/2021,3,4,34,3416,124,91
3/6/2021,3,4,34,3363,121,96
3/7/2021,3,4,17,3757,110,97
3/8/2021,3,4,25,3072,120,97
3/9/2021,3,4,24,2970,111,95
3/10/2021,3,4,23,3458,133,96
3/11/2021,3,4,28,3309,109,92
3/12/2021,3,4,25,3843,106,96
3/13/2021,3,4,21,3010,125,96
3/14/2021,3,4,21,2705,127,96
3/15/2021,3,4,26,3108,107,92
3/16/2021,3,4,32,3945,128,91
3/17/2021,3,4,32,2940,125,96
3/18/2021,3,4,28,2962,130,92
3/19/2021,3,4,33,2639,107,96
3/20/2021,3,4,28,3880,108,96
3/21/2021,3,4,18,2736,119,97
3/22/2021,3,4,25,2751,122,92
3/23/2021,3,4,24,4085,114,93
3/24/2021,3,4,18,2521,122,91
3/25/2021,3,4,23,3238,117,92
3/26/2021,3,4,25,3574,116,95
3/27/2021,3,4,29,2893,111,97
3/28/2021,3,4,20,3039,127,92
3/29/2021,3,4,17,3568,107,94
3/30/2021,3,4,24,2635,133,92
3/31/2021,3,4,20,3146,122,96
4/1/2021,3,4,30,2791,109,94
4/2/2021,3,4,32,2873,129,92
4/3/2021,3,4,40,2938,115,93
4/4/2021,3,4,21,3018,121,94
4/5/2021,3,4,20,2943,128,91
4/6/2021,3,4,30,3017,123,95
4/7/2021,3,4,24,3764,131,96
4/8/2021,3,4,30,3325,130,96
4/9/2021,3,4,35,2756,128,93
4/10/2021,3,4,37,3035,113,93
4/11/2021,3,4,22,2866,120,92
4/12/2021,3,4,33,3590,114,95
4/13/2021,3,4,26,2605,107,97
4/14/2021,3,4,33,2526,123,96
4/15/2021,3,4,28,4042,132,96
4/16/2021,3,4,28,3906,107,91
4/17/2021,3,4,32,2830,113,92
4/18/2021,3,4,24,3734,110,95
4/19/2021,3,4,31,2919,133,92
4/20/2021,3,4,33,2957,115,96
4/21/2021,3,4,33,2773,108,96
4/22/2021,3,4,31,3145,113,94
4/23/2021,3,4,39,4147,124,93
4/24/2021,3,4,43,2889,111,94
4/25/2021,3,4,14,3682,113,91
4/26/2021,3,4,32,4145,129,93
4/27/2021,3,4,28,3589,131,93
4/28/2021,3,4,44,3303,109,97
4/29/2021,3,4,34,3195,104,92
4/30/2021,3,4,21,3967,118,95
5/1/2021,3,4,30,2519,125,91
5/2/2021,3,4,24,2955,122,97
5/3/2021,3,4,22,3735,129,94
5/4/2021,3,4,25,3656,124,95
5/5/2021,3,4,37,3057,126,96
5/6/2021,3,4,39,3343,132,93
5/7/2021,3,4,43,2523,126,97
5/8/2021,3,4,34,3679,107,92
5/9/2021,3,4,31,2848,130,92
5/10/2021,3,4,28,2874,118,92
5/11/2021,3,4,35,3088,114,93
5/12/2021,3,4,22,4023,107,96
5/13/2021,3,4,34,2901,129,91
5/14/2021,3,4,31,3212,119,91
5/15/2021,3,4,28,2571,124,92
5/16/2021,3,4,20,4010,116,91
5/17/2021,3,4,27,3155,117,93
5/18/2021,3,4,29,2829,123,92
5/19/2021,3,4,23,3464,122,95
5/20/2021,3,4,35,3971,122,92
5/21/2021,3,4,26,2500,121,92
5/22/2021,3,4,37,3895,120,94
5/23/2021,3,4,33,2934,113,92
5/24/2021,3,4,23,3867,107,96
5/25/2021,3,4,25,3675,132,94
5/26/2021,3,4,33,4003,131,93
5/27/2021,3,4,42,2811,106,94
5/28/2021,3,4,38,4146,127,93
5/29/2021,3,4,39,4067,125,95
5/30/2021,3,4,17,2700,125,92
5/31/2021,3,4,27,3454,116,92
6/1/2021,3,4,32,4005,126,97
6/2/2021,3,4,23,2630,131,92
6/3/2021,3,4,38,4164,109,91
6/4/2021,3,4,43,4178,124,97
6/5/2021,3,4,37,4086,133,95
6/6/2021,3,4,30,2933,115,92
6/7/2021,3,4,30,2500,113,97
6/8/2021,3,4,31,4189,111,97
6/9/2021,3,4,35,4065,127,96
6/10/2021,3,4,25,3175,118,94
6/11/2021,3,4,41,4014,120,93
6/12/2021,3,4,33,3815,131,95
6/13/2021,3,4,31,2596,125,94
6/14/2021,3,4,27,3892,128,95
6/15/2021,3,4,32,3297,109,94
6/16/2021,3,4,33,3664,110,91
6/17/2021,3,4,34,2716,118,93
6/18/2021,3,4,39,2682,115,91
6/19/2021,3,4,43,4160,128,95
6/20/2021,3,4,26,3522,128,97
6/21/2021,3,4,21,4150,107,92
6/22/2021,3,4,38,4135,109,94
6/23/2021,3,4,27,3381,116,91
6/24/2021,3,4,36,3101,112,92
6/25/2021,3,4,47,2894,112,97
6/26/2021,3,4,37,3838,122,94
6/27/2021,3,4,19,4076,107,96
6/28/2021,3,4,23,3477,115,91
6/29/2021,3,4,34,2644,109,97
6/30/2021,3,4,36,2963,115,94
7/1/2021,3,4,42,4144,129,92
7/2/2021,3,4,29,3728,114,97
7/3/2021,3,4,40,3216,107,95
7/4/2021,3,4,29,3456,115,93
7/5/2021,3,4,25,3800,133,97
7/6/2021,3,4,41,2822,104,92
7/7/2021,3,4,33,2660,117,97
7/8/2021,3,4,44,2932,112,94
7/9/2021,3,4,45,4005,126,96
7/10/2021,3,4,36,3091,124,95
7/11/2021,3,4,25,2745,127,97
7/12/2021,3,4,24,3683,116,92
7/13/2021,3,4,29,3755,123,92
7/14/2021,3,4,36,3415,104,91
7/15/2021,3,4,35,3439,122,91
7/16/2021,3,4,43,3658,121,96
7/17/2021,3,4,41,2701,106,97
7/18/2021,3,4,26,2656,111,96
7/19/2021,3,4,29,3570,113,95
7/20/2021,3,4,29,3538,123,96
7/21/2021,3,4,40,4103,104,93
7/22/2021,3,4,29,2868,127,94
7/23/2021,3,4,43,3989,133,97
7/24/2021,3,4,37,3940,121,93
7/25/2021,3,4,23,3903,124,92
7/26/2021,3,4,29,3970,112,91
7/27/2021,3,4,23,3838,125,97
7/28/2021,3,4,39,2958,126,92
7/29/2021,3,4,49,3762,117,95
7/30/2021,3,4,39,2971,111,96
7/31/2021,3,4,45,3116,116,94
8/1/2021,3,4,35,2947,120,93
8/2/2021,3,4,33,2970,113,95
8/3/2021,3,4,27,3046,116,91
8/4/2021,3,4,27,2528,133,93
8/5/2021,3,4,46,3954,117,97
8/6/2021,3,4,35,3669,116,91
8/7/2021,3,4,41,3366,114,94
8/8/2021,3,4,25,3332,108,94
8/9/2021,3,4,24,3774,131,93
8/10/2021,3,4,32,3666,126,91
8/11/2021,3,4,29,3871,109,93
8/12/2021,3,4,36,3487,119,97
8/13/2021,3,4,43,3676,115,94
8/14/2021,3,4,40,3930,127,95
8/15/2021,3,4,27,4174,130,91
8/16/2021,3,4,38,3734,114,91
8/17/2021,3,4,33,2940,110,92
8/18/2021,3,4,34,2806,121,94
8/19/2021,3,4,30,3939,113,96
8/20/2021,3,4,31,3096,124,91
8/21/2021,3,4,47,2967,104,97
8/22/2021,3,4,34,2934,124,92
8/23/2021,3,4,22,3822,106,94
8/24/2021,3,4,26,3305,116,97
8/25/2021,3,4,26,3689,132,92
8/26/2021,3,4,23,2640,124,91
8/27/2021,3,4,26,2703,129,92
8/28/2021,3,4,29,3707,106,97
8/29/2021,3,4,20,3891,119,95
8/30/2021,3,4,18,2950,126,92
8/31/2021,3,4,31,4090,129,94
9/1/2021,3,4,32,3075,130,96
9/2/2021,3,4,33,3932,104,93
9/3/2021,3,4,32,2756,121,97
9/4/2021,3,4,40,3725,114,96
9/5/2021,3,4,25,3162,119,95
9/6/2021,3,4,32,3162,128,96
9/7/2021,3,4,29,2888,122,95
9/8/2021,3,4,36,3099,127,94
9/9/2021,3,4,30,3981,120,94
9/10/2021,3,4,32,3568,129,91
9/11/2021,3,4,37,3183,116,94
9/12/2021,3,4,20,2643,130,94
9/13/2021,3,4,27,2873,111,92
9/14/2021,3,4,31,3105,121,92
9/15/2021,3,4,25,4121,132,94
9/16/2021,3,4,25,3230,115,97
9/17/2021,3,4,32,2798,113,93
9/18/2021,3,4,33,4045,113,97
9/19/2021,3,4,23,3044,110,95
9/20/2021,3,4,29,3450,125,94
9/21/2021,3,4,20,2561,119,93
9/22/2021,3,4,30,3194,104,95
9/23/2021,3,4,21,3773,116,93
9/24/2021,3,4,24,2958,133,97
9/25/2021,3,4,25,3830,104,91
9/26/2021,3,4,26,4017,109,96
9/27/2021,3,4,26,3462,129,94
9/28/2021,3,4,26,3941,120,91
9/29/2021,3,4,35,4017,106,93
9/30/2021,3,4,28,3433,129,93
10/1/2021,3,4,31,3517,131,94
10/2/2021,3,4,31,3573,131,96
10/3/2021,3,4,18,3837,115,91
10/4/2021,3,4,19,2965,116,95
10/5/2021,3,4,27,2740,119,94
10/6/2021,3,4,33,3731,108,91
10/7/2021,3,4,21,3084,131,91
10/8/2021,3,4,32,2998,114,97
10/9/2021,3,4,31,2797,123,97
10/10/2021,3,4,24,3975,108,97
10/11/2021,3,4,23,3304,112,93
10/12/2021,3,4,23,2659,125,91
10/13/2021,3,4,20,3118,125,92
10/14/2021,3,4,33,3402,117,94
10/15/2021,3,4,28,3746,126,93
10/16/2021,3,4,31,2535,121,93
10/17/2021,3,4,16,3811,112,95
10/18/2021,3,4,39,3814,124,95
10/19/2021,3,4,26,3320,125,94
10/20/2021,3,4,31,2573,133,97
10/21/2021,3,4,17,3971,106,91
10/22/2021,3,4,28,2932,109,97
10/23/2021,3,4,23,2897,116,97
10/24/2021,3,4,18,3285,120,95
10/25/2021,3,4,26,3808,108,91
10/26/2021,3,4,23,3450,128,95
10/27/2021,3,4,17,3101,132,95
10/28/2021,3,4,27,3841,129,95
10/29/2021,3,4,27,4014,111,91
10/30/2021,3,4,29,3674,109,93
10/31/2021,3,4,15,3680,109,96
11/1/2021,3,4,24,3954,130,91
11/2/2021,3,4,32,4143,129,92
11/3/2021,3,4,33,3886,126,96
11/4/2021,3,4,38,3161,120,97
11/5/2021,3,4,35,2850,126,96
11/6/2021,3,4,39,2716,111,97
11/7/2021,3,4,34,3819,121,94
11/8/2021,3,4,22,3387,112,96
11/9/2021,3,4,21,3235,122,94
11/10/2021,3,4,34,3723,114,95
11/11/2021,3,4,31,2590,112,92
11/12/2021,3,4,29,4033,112,94
11/13/2021,3,4,40,3000,128,97
11/14/2021,3,4,26,2645,124,95
11/15/2021,3,4,21,4088,131,94
11/16/2021,3,4,20,3551,108,95
11/17/2021,3,4,22,3995,122,97
11/18/2021,3,4,29,2940,129,91
11/19/2021,3,4,37,3912,110,95
11/20/2021,3,4,35,2553,117,97
11/21/2021,3,4,30,4020,112,93
11/22/2021,3,4,38,2940,133,97
11/23/2021,3,4,28,2565,133,96
11/24/2021,3,4,23,3274,111,96
11/25/2021,3,4,29,4141,117,93
11/26/2021,3,4,19,3247,120,96
11/27/2021,3,4,30,3342,119,96
11/28/2021,3,4,34,2993,107,95
11/29/2021,3,4,18,2729,132,96
11/30/2021,3,4,20,3296,120,94
12/1/2021,3,4,21,4132,122,94
12/2/2021,3,4,18,3110,130,93
12/3/2021,3,4,22,3762,109,95
12/4/2021,3,4,27,2745,125,93
12/5/2021,3,4,19,3479,111,92
12/6/2021,3,4,19,2901,113,95
12/7/2021,3,4,23,2700,117,94
12/8/2021,3,4,22,2977,119,93
12/9/2021,3,4,19,3598,112,95
12/10/2021,3,4,20,4147,127,95
12/11/2021,3,4,25,3450,129,94
12/12/2021,3,4,21,3806,107,94
12/13/2021,3,4,14,3722,109,97
12/14/2021,3,4,18,4034,106,92
12/15/2021,3,4,23,3023,113,92
12/16/2021,3,4,31,2501,130,92
12/17/2021,3,4,17,4062,104,93
12/18/2021,3,4,21,2704,120,91
12/19/2021,3,4,15,2601,128,96
12/20/2021,3,4,22,4093,116,97
12/21/2021,3,4,26,3360,110,93
12/22/2021,3,4,26,3341,120,97
12/23/2021,3,4,17,4029,116,95
12/24/2021,3,4,25,3068,128,94
12/25/2021,3,4,25,3312,115,96
12/26/2021,3,4,9,3148,123,96
12/27/2021,3,4,18,3618,133,93
12/28/2021,3,4,10,3982,130,97
12/29/2021,3,4,15,2543,124,93
12/30/2021,3,4,23,4026,109,92
12/31/2021,3,4,26,2704,104,97
1/1/2022,3,4,29,2598,105,93
1/2/2022,3,4,16,2899,125,94
1/3/2022,3,4,19,2685,130,95
1/4/2022,3,4,18,2567,127,96
1/5/2022,3,4,21,3907,130,92
1/6/2022,3,4,16,3401,116,97
1/7/2022,3,4,27,2686,115,96
1/8/2022,3,4,30,3864,131,95
1/9/2022,3,4,12,3670,110,91
1/10/2022,3,4,21,2536,133,97
1/11/2022,3,4,27,3049,129,94
1/12/2022,3,4,22,3773,113,93
1/13/2022,3,4,11,2551,122,97
1/14/2022,3,4,13,3934,104,94
1/15/2022,3,4,20,3986,121,93
1/16/2022,3,4,13,3305,119,93
1/17/2022,3,4,16,2665,108,95
1/18/2022,3,4,22,3745,110,96
1/19/2022,3,4,23,2678,129,93
1/20/2022,3,4,19,3921,130,95
1/21/2022,3,4,31,3960,122,95
1/22/2022,3,4,24,3613,123,95
1/23/2022,3,4,17,3706,126,97
1/24/2022,3,4,23,2544,122,91
1/25/2022,3,4,19,3262,128,93
1/26/2022,3,4,16,4021,119,93
1/27/2022,3,4,24,2917,109,92
1/28/2022,3,4,21,3421,107,92
1/29/2022,3,4,21,2771,109,94
1/30/2022,3,4,11,4175,104,94
1/31/2022,3,4,18,3082,118,91
2/1/2022,3,4,19,3051,131,94
2/2/2022,3,4,23,3269,111,95
2/3/2022,3,4,28,3970,123,94
2/4/2022,3,4,18,3530,120,95
2/5/2022,3,4,29,2917,118,94
2/6/2022,3,4,10,3967,132,95
2/7/2022,3,4,24,4057,116,91
2/8/2022,3,4,16,3439,118,92
2/9/2022,3,4,20,3371,131,92
2/10/2022,3,4,19,3231,127,96
2/11/2022,3,4,25,2641,132,94
2/12/2022,3,4,19,3126,128,95
2/13/2022,3,4,17,3783,120,97
2/14/2022,3,4,19,2759,133,95
2/15/2022,3,4,16,2867,129,93
2/16/2022,3,4,22,3794,122,96
2/17/2022,3,4,23,3720,118,91
2/18/2022,3,4,16,2585,113,95
2/19/2022,3,4,25,2759,113,97
2/20/2022,3,4,14,3902,130,95
2/21/2022,3,4,15,3232,117,91
2/22/2022,3,4,19,3179,110,97
2/23/2022,3,4,20,2948,112,96
2/24/2022,3,4,28,3616,123,93
2/25/2022,3,4,24,2995,119,96
2/26/2022,3,4,20,3168,126,91
2/27/2022,3,4,13,2879,106,94
2/28/2022,3,4,19,4083,119,93
3/1/2022,3,4,20,4170,132,96
3/2/2022,3,4,27,3968,116,96
3/3/2022,3,4,24,3601,128,95
3/4/2022,3,4,28,2683,106,93
3/5/2022,3,4,27,3955,116,91
3/6/2022,3,4,13,2947,118,95
3/7/2022,3,4,26,3877,124,94
3/8/2022,3,4,17,3326,118,92
3/9/2022,3,4,22,2695,132,97
3/10/2022,3,4,32,2665,122,97
3/11/2022,3,4,23,4135,112,95
3/12/2022,3,4,38,3226,105,95
3/13/2022,3,4,20,3256,113,95
3/14/2022,3,4,16,2897,119,94
3/15/2022,3,4,19,3015,122,96
3/16/2022,3,4,18,2782,130,93
3/17/2022,3,4,37,3856,111,94
3/18/2022,3,4,29,2627,118,91
3/19/2022,3,4,27,3660,107,93
3/20/2022,3,4,19,3284,119,94
3/21/2022,3,4,22,3371,129,97
3/22/2022,3,4,19,4154,107,92
3/23/2022,3,4,18,3353,130,96
3/24/2022,3,4,38,2947,133,94
3/25/2022,3,4,34,4199,130,92
3/26/2022,3,4,27,3712,130,97
3/27/2022,3,4,21,2649,107,94
3/28/2022,3,4,29,3689,130,96
3/29/2022,3,4,16,3418,124,95
3/30/2022,3,4,35,2966,112,94
3/31/2022,3,4,35,3149,120,92
4/1/2022,3,4,38,4103,105,93
4/2/2022,3,4,31,2604,131,94
4/3/2022,3,4,21,3892,111,92
4/4/2022,3,4,36,3144,131,94
4/5/2022,3,4,24,3099,104,91
4/6/2022,3,4,32,2809,128,91
4/7/2022,3,4,26,2802,110,92
4/8/2022,3,4,37,2603,122,94
4/9/2022,3,4,38,2777,116,96
4/10/2022,3,4,26,3919,119,92
4/11/2022,3,4,22,3101,114,97
4/12/2022,3,4,20,3618,110,94
4/13/2022,3,4,38,4145,133,91
4/14/2022,3,4,35,3495,116,92
4/15/2022,3,4,41,3876,133,92
4/16/2022,3,4,23,2511,119,91
4/17/2022,3,4,26,3343,128,94
4/18/2022,3,4,31,3571,107,95
4/19/2022,3,4,31,2997,105,97
4/20/2022,3,4,32,3688,121,93
4/21/2022,3,4,33,2584,133,92
4/22/2022,3,4,34,3103,109,92
4/23/2022,3,4,34,3419,105,91
4/24/2022,3,4,26,2945,117,94
4/25/2022,3,4,33,3193,113,92
4/26/2022,3,4,33,3692,116,97
4/27/2022,3,4,27,2800,111,94
4/28/2022,3,4,37,2853,128,94
4/29/2022,3,4,27,3927,114,97
4/30/2022,3,4,37,3295,112,91
5/1/2022,3,4,25,3343,131,91
5/2/2022,3,4,40,3752,115,92
5/3/2022,3,4,33,2585,129,94
5/4/2022,3,4,25,2799,111,91
5/5/2022,3,4,40,3675,130,97
5/6/2022,3,4,42,3607,124,96
5/7/2022,3,4,37,3765,107,91
5/8/2022,3,4,25,3046,111,92
5/9/2022,3,4,24,3494,121,93
5/10/2022,3,4,25,2507,120,95
5/11/2022,3,4,41,3770,110,92
5/12/2022,3,4,38,4196,120,95
5/13/2022,3,4,32,2783,118,97
5/14/2022,3,4,39,3107,105,95
5/15/2022,3,4,29,2901,105,92
5/16/2022,3,4,27,3795,117,95
5/17/2022,3,4,29,4138,126,91
5/18/2022,3,4,32,2878,121,97
5/19/2022,3,4,43,3874,111,91
5/20/2022,3,4,26,3739,108,96
5/21/2022,3,4,54,4127,108,92
5/22/2022,3,4,32,3660,105,93
5/23/2022,3,4,25,2780,115,95
5/24/2022,3,4,30,3089,128,97
5/25/2022,3,4,30,4124,107,95
5/26/2022,3,4,30,2639,124,91
5/27/2022,3,4,42,3996,121,94
5/28/2022,3,4,34,2828,116,94
5/29/2022,3,4,27,2597,124,92
5/30/2022,3,4,27,2651,108,96
5/31/2022,3,4,33,3405,130,97
6/1/2022,3,4,33,3272,121,96
6/2/2022,3,4,46,3112,108,92
6/3/2022,3,4,37,3454,110,91
6/4/2022,3,4,46,3906,110,94
6/5/2022,3,4,29,2664,118,91
6/6/2022,3,4,34,3523,128,93
6/7/2022,3,4,42,2694,104,96
6/8/2022,3,4,32,4001,125,92
6/9/2022,3,4,41,2739,117,96
6/10/2022,3,4,45,3007,123,96
6/11/2022,3,4,40,3717,110,95
6/12/2022,3,4,26,4192,117,91
6/13/2022,3,4,31,3727,112,92
6/14/2022,3,4,23,3396,105,91
6/15/2022,3,4,27,2723,130,91
6/16/2022,3,4,42,2824,117,96
6/17/2022,3,4,43,4156,131,91
6/18/2022,3,4,42,3053,116,92
6/19/2022,3,4,30,3907,115,97
6/20/2022,3,4,27,3045,109,97
6/21/2022,3,4,35,2770,123,92
6/22/2022,3,4,32,3647,115,92
6/23/2022,3,4,39,3716,119,92
6/24/2022,3,4,51,3544,119,96
6/25/2022,3,4,43,2769,110,93
6/26/2022,3,4,20,2699,108,92
6/27/2022,3,4,29,3200,112,96
6/28/2022,3,4,44,2812,105,93
6/29/2022,3,4,40,3339,109,96
6/30/2022,3,4,40,2920,107,96
7/1/2022,3,4,43,3956,116,96
7/2/2022,3,4,38,4181,119,93
7/3/2022,3,4,23,3829,120,97
7/4/2022,3,4,35,2862,115,96
7/5/2022,3,4,39,3664,112,94
7/6/2022,3,4,29,2652,118,95
7/7/2022,3,4,46,3688,124,97
7/8/2022,3,4,31,3711,107,95
7/9/2022,3,4,34,3182,129,92
7/10/2022,3,4,32,3840,115,95
7/11/2022,3,4,42,4105,124,96
7/12/2022,3,4,27,4066,106,94
7/13/2022,3,4,37,3534,131,96
7/14/2022,3,4,37,2619,125,95
7/15/2022,3,4,51,3972,125,92
7/16/2022,3,4,42,3547,122,92
7/17/2022,3,4,23,3089,105,92
7/18/2022,3,4,25,4023,113,92
7/19/2022,3,4,35,2911,124,97
7/20/2022,3,4,27,2597,104,91
7/21/2022,3,4,30,2632,117,91
7/22/2022,3,4,48,2823,110,96
7/23/2022,3,4,44,2823,117,93
7/24/2022,3,4,43,2642,108,91
7/25/2022,3,4,38,3374,122,96
7/26/2022,3,4,37,3518,130,92
7/27/2022,3,4,34,3112,114,94
7/28/2022,3,4,47,3627,116,91
7/29/2022,3,4,38,3353,131,93
7/30/2022,3,4,36,2908,108,93
7/31/2022,3,4,28,3096,116,91
8/1/2022,3,4,29,4081,105,92
8/2/2022,3,4,28,3845,127,94
8/3/2022,3,4,26,2520,121,97
8/4/2022,3,4,32,3004,132,94
8/5/2022,3,4,41,3663,130,96
8/6/2022,3,4,38,2624,105,95
8/7/2022,3,4,35,4127,112,94
8/8/2022,3,4,37,3897,126,93
8/9/2022,3,4,26,3032,110,95
8/10/2022,3,4,38,2533,126,95
8/11/2022,3,4,41,2813,106,92
8/12/2022,3,4,45,2891,113,97
8/13/2022,3,4,34,2923,126,93
8/14/2022,3,4,29,3180,117,95
8/15/2022,3,4,32,3297,111,92
8/16/2022,3,4,21,3948,107,91
8/17/2022,3,4,24,2684,115,94
8/18/2022,3,4,40,3042,115,97
8/19/2022,3,4,34,3624,127,93
8/20/2022,3,4,36,3507,118,96
8/21/2022,3,4,18,3502,111,96
8/22/2022,3,4,25,2821,106,97
8/23/2022,3,4,33,3756,108,95
8/24/2022,3,4,33,3055,113,95
8/25/2022,3,4,36,3928,125,96
8/26/2022,3,4,31,3016,111,92
8/27/2022,3,4,42,3182,129,91
8/28/2022,3,4,33,3677,131,95
8/29/2022,3,4,28,3737,128,94
8/30/2022,3,4,22,3489,123,96
8/31/2022,3,4,31,3146,131,97
9/1/2022,3,4,32,4034,119,95
9/2/2022,3,4,30,3972,130,95
9/3/2022,3,4,38,3498,111,92
9/4/2022,3,4,20,4143,113,92
9/5/2022,3,4,28,2829,112,93
9/6/2022,3,4,23,3115,122,92
9/7/2022,3,4,27,2684,127,95
9/8/2022,3,4,35,3225,133,91
9/9/2022,3,4,33,3110,122,96
9/10/2022,3,4,44,2675,129,95
9/11/2022,3,4,17,3060,106,92
9/12/2022,3,4,24,4066,133,96
9/13/2022,3,4,32,2919,126,92
9/14/2022,3,4,31,3486,122,97
9/15/2022,3,4,30,3042,127,97
9/16/2022,3,4,43,2965,108,95
9/17/2022,3,4,39,3923,123,94
9/18/2022,3,4,24,2851,118,96
9/19/2022,3,4,22,3793,108,95
9/20/2022,3,4,18,2768,111,96
9/21/2022,3,4,29,3449,106,97
9/22/2022,3,4,32,2966,129,93
9/23/2022,3,4,25,2856,111,95
9/24/2022,3,4,28,4133,116,95
9/25/2022,3,4,26,3909,113,91
9/26/2022,3,4,22,2652,132,95
9/27/2022,3,4,37,4162,106,95
9/28/2022,3,4,26,3768,129,96
9/29/2022,3,4,27,3286,114,95
9/30/2022,3,4,28,3160,126,91
10/1/2022,3,4,23,4035,116,95
10/2/2022,3,4,17,3778,127,93
10/3/2022,3,4,34,3346,127,92
10/4/2022,3,4,29,4074,133,93
10/5/2022,3,4,20,3510,123,91
10/6/2022,3,4,20,3723,104,92
10/7/2022,3,4,40,3399,116,94
10/8/2022,3,4,28,2529,122,92
10/9/2022,3,4,30,3894,128,92
10/10/2022,3,4,23,2787,123,95
10/11/2022,3,4,24,3060,115,92
10/12/2022,3,4,35,2952,117,93
10/13/2022,3,4,34,3270,111,97
10/14/2022,3,4,41,2662,130,92
10/15/2022,3,4,36,2707,133,97
10/16/2022,3,4,17,3316,104,91
10/17/2022,3,4,26,3745,105,94
10/18/2022,3,4,21,3273,133,97
10/19/2022,3,4,14,3930,113,95
10/20/2022,3,4,24,3272,111,93
10/21/2022,3,4,31,2704,133,93
10/22/2022,3,4,37,4005,124,97
10/23/2022,3,4,21,4079,109,93
10/24/2022,3,4,28,3667,121,97
10/25/2022,3,4,30,3221,116,94
10/26/2022,3,4,28,3665,112,93
10/27/2022,3,4,40,2743,119,92
10/28/2022,3,4,26,2857,112,93
10/29/2022,3,4,27,3581,114,91
10/30/2022,3,4,32,3574,123,92
10/31/2022,3,4,23,2973,120,93
11/1/2022,3,4,22,4138,127,95
11/2/2022,3,4,30,3803,118,93
11/3/2022,3,4,28,2829,112,92
11/4/2022,3,4,27,2522,109,96
11/5/2022,3,4,30,3237,123,97
11/6/2022,3,4,30,3363,116,97
11/7/2022,3,4,30,3746,124,95
11/8/2022,3,4,35,3916,122,95
11/9/2022,3,4,32,4179,107,94
11/10/2022,3,4,34,2516,116,93
11/11/2022,3,4,37,3269,104,95
11/12/2022,3,4,28,2719,132,94
11/13/2022,3,4,17,2822,116,95
11/14/2022,3,4,25,2862,112,92
11/15/2022,3,4,34,2903,126,97
11/16/2022,3,4,25,3624,126,94
11/17/2022,3,4,30,4114,108,93
11/18/2022,3,4,28,3283,106,97
11/19/2022,3,4,37,2567,118,93
11/20/2022,3,4,27,3250,111,97
11/21/2022,3,4,26,4030,111,91
11/22/2022,3,4,24,3722,112,93
11/23/2022,3,4,32,2839,130,95
11/24/2022,3,4,31,3174,108,93
11/25/2022,3,4,19,4197,116,96
11/26/2022,3,4,28,2809,107,95
11/27/2022,3,4,18,2725,126,94
11/28/2022,3,4,22,3537,120,94
11/29/2022,3,4,34,2845,119,91
11/30/2022,3,4,31,4119,120,94
12/1/2022,3,4,24,2789,109,94
12/2/2022,3,4,27,3924,127,97
12/3/2022,3,4,26,4145,109,93
12/4/2022,3,4,18,2874,128,95
12/5/2022,3,4,27,2649,115,95
12/6/2022,3,4,15,3828,120,92
12/7/2022,3,4,30,3270,121,96
12/8/2022,3,4,28,2823,109,93
12/9/2022,3,4,27,2787,129,95
12/10/2022,3,4,20,2769,116,94
12/11/2022,3,4,15,3878,106,92
12/12/2022,3,4,17,3837,109,91
12/13/2022,3,4,17,3066,129,93
12/14/2022,3,4,26,2709,115,91
12/15/2022,3,4,20,3694,107,93
12/16/2022,3,4,15,3802,129,96
12/17/2022,3,4,29,3081,126,93
12/18/2022,3,4,13,4083,116,94
12/19/2022,3,4,16,3960,120,91
12/20/2022,3,4,14,3609,119,96
12/21/2022,3,4,19,2987,106,92
12/22/2022,3,4,21,3373,108,96
12/23/2022,3,4,26,3628,115,97
12/24/2022,3,4,24,2589,107,94
12/25/2022,3,4,16,2505,114,93
12/26/2022,3,4,18,3653,128,95
12/27/2022,3,4,22,3030,118,94
12/28/2022,3,4,18,2529,112,93
12/29/2022,3,4,25,3255,119,93
12/30/2022,3,4,20,3418,119,94
12/31/2022,3,4,30,3932,119,91
