date,warehouse,item,sales,marketing_expense,economic_indicator,competitor_pricing
1/1/2018,1,7,25,3153,105,94
1/2/2018,1,7,23,2557,127,98
1/3/2018,1,7,34,3286,129,95
1/4/2018,1,7,36,2550,127,92
1/5/2018,1,7,38,3494,108,96
1/6/2018,1,7,32,2947,122,92
1/7/2018,1,7,14,3046,116,92
1/8/2018,1,7,31,3412,136,94
1/9/2018,1,7,32,3208,129,91
1/10/2018,1,7,32,2688,134,94
1/11/2018,1,7,28,2700,115,93
1/12/2018,1,7,35,2864,127,96
1/13/2018,1,7,44,2691,125,93
1/14/2018,1,7,17,3037,125,98
1/15/2018,1,7,34,2899,108,95
1/16/2018,1,7,35,3188,117,91
1/17/2018,1,7,32,2639,122,98
1/18/2018,1,7,34,3183,132,92
1/19/2018,1,7,34,2923,138,94
1/20/2018,1,7,42,3373,105,94
1/21/2018,1,7,15,2718,130,97
1/22/2018,1,7,21,2518,126,95
1/23/2018,1,7,24,3479,137,97
1/24/2018,1,7,30,2745,113,93
1/25/2018,1,7,30,3353,123,91
1/26/2018,1,7,38,2817,114,91
1/27/2018,1,7,34,2852,116,98
1/28/2018,1,7,23,3108,113,93
1/29/2018,1,7,28,3276,118,95
1/30/2018,1,7,25,3188,115,91
1/31/2018,1,7,31,2632,106,92
2/1/2018,1,7,38,3460,120,98
2/2/2018,1,7,42,2655,130,92
2/3/2018,1,7,28,3244,117,91
2/4/2018,1,7,33,2544,107,94
2/5/2018,1,7,21,2774,127,97
2/6/2018,1,7,38,2740,126,96
2/7/2018,1,7,43,2678,101,97
2/8/2018,1,7,40,2859,104,96
2/9/2018,1,7,41,3336,102,92
2/10/2018,1,7,36,3254,106,93
2/11/2018,1,7,31,3296,136,96
2/12/2018,1,7,22,3094,118,94
2/13/2018,1,7,27,2570,121,96
2/14/2018,1,7,29,3024,116,94
2/15/2018,1,7,30,2878,122,96
2/16/2018,1,7,52,3064,133,97
2/17/2018,1,7,47,3238,105,93
2/18/2018,1,7,34,3297,116,97
2/19/2018,1,7,30,3256,138,93
2/20/2018,1,7,27,3375,103,96
2/21/2018,1,7,29,2920,104,94
2/22/2018,1,7,31,2707,102,94
2/23/2018,1,7,43,3371,134,95
2/24/2018,1,7,38,3302,136,96
2/25/2018,1,7,29,2667,124,95
2/26/2018,1,7,27,2848,136,91
2/27/2018,1,7,27,2754,119,97
2/28/2018,1,7,28,2797,127,97
3/1/2018,1,7,43,2774,107,91
3/2/2018,1,7,49,3030,123,95
3/3/2018,1,7,41,2985,112,93
3/4/2018,1,7,33,2736,123,93
3/5/2018,1,7,33,3045,102,97
3/6/2018,1,7,48,3059,115,97
3/7/2018,1,7,40,2514,124,92
3/8/2018,1,7,42,3376,134,93
3/9/2018,1,7,51,3033,124,95
3/10/2018,1,7,41,2536,120,93
3/11/2018,1,7,41,3338,128,93
3/12/2018,1,7,39,2812,110,96
3/13/2018,1,7,43,2992,133,91
3/14/2018,1,7,32,3154,126,91
3/15/2018,1,7,49,2775,104,92
3/16/2018,1,7,52,2900,124,96
3/17/2018,1,7,50,2968,133,92
3/18/2018,1,7,29,2879,110,95
3/19/2018,1,7,43,3035,126,97
3/20/2018,1,7,21,2528,117,92
3/21/2018,1,7,38,3027,102,94
3/22/2018,1,7,37,2904,130,97
3/23/2018,1,7,46,2643,134,96
3/24/2018,1,7,38,3288,132,97
3/25/2018,1,7,32,2707,120,93
3/26/2018,1,7,41,2864,136,92
3/27/2018,1,7,41,2877,136,94
3/28/2018,1,7,45,3161,103,94
3/29/2018,1,7,44,3421,104,97
3/30/2018,1,7,53,2662,116,98
3/31/2018,1,7,56,3358,105,92
4/1/2018,1,7,35,2508,105,94
4/2/2018,1,7,47,2921,102,92
4/3/2018,1,7,53,3107,130,96
4/4/2018,1,7,46,3365,122,94
4/5/2018,1,7,43,2860,136,97
4/6/2018,1,7,64,2671,115,91
4/7/2018,1,7,45,3318,116,97
4/8/2018,1,7,40,3396,135,91
4/9/2018,1,7,32,2743,111,98
4/10/2018,1,7,47,3140,101,94
4/11/2018,1,7,50,2974,107,96
4/12/2018,1,7,38,2645,123,93
4/13/2018,1,7,59,2946,102,98
4/14/2018,1,7,55,2506,121,91
4/15/2018,1,7,39,3289,111,91
4/16/2018,1,7,42,3480,106,93
4/17/2018,1,7,40,2780,120,98
4/18/2018,1,7,43,3281,131,94
4/19/2018,1,7,39,3304,106,94
4/20/2018,1,7,64,2509,122,92
4/21/2018,1,7,55,3437,129,98
4/22/2018,1,7,42,2898,113,91
4/23/2018,1,7,36,3188,101,98
4/24/2018,1,7,55,2965,121,91
4/25/2018,1,7,49,2514,108,93
4/26/2018,1,7,44,2604,116,97
4/27/2018,1,7,42,3341,125,97
4/28/2018,1,7,46,2774,114,93
4/29/2018,1,7,56,2921,103,96
4/30/2018,1,7,40,3290,135,97
5/1/2018,1,7,46,2756,132,98
5/2/2018,1,7,53,2799,128,93
5/3/2018,1,7,51,3289,106,97
5/4/2018,1,7,54,2988,112,96
5/5/2018,1,7,57,3054,111,98
5/6/2018,1,7,51,3204,123,91
5/7/2018,1,7,60,3297,105,93
5/8/2018,1,7,50,2711,104,94
5/9/2018,1,7,37,2501,113,93
5/10/2018,1,7,51,2795,110,98
5/11/2018,1,7,60,3358,138,95
5/12/2018,1,7,60,3445,130,96
5/13/2018,1,7,47,2529,137,97
5/14/2018,1,7,44,3360,138,98
5/15/2018,1,7,62,3083,131,94
5/16/2018,1,7,54,3453,133,98
5/17/2018,1,7,61,3479,132,98
5/18/2018,1,7,58,2555,113,93
5/19/2018,1,7,62,3464,125,95
5/20/2018,1,7,48,3334,120,98
5/21/2018,1,7,41,3051,104,91
5/22/2018,1,7,46,2867,130,95
5/23/2018,1,7,48,3062,120,96
5/24/2018,1,7,57,2799,104,97
5/25/2018,1,7,59,2782,113,98
5/26/2018,1,7,68,3290,123,93
5/27/2018,1,7,34,2883,104,98
5/28/2018,1,7,56,2624,103,94
5/29/2018,1,7,49,2988,110,98
5/30/2018,1,7,49,3054,120,91
5/31/2018,1,7,53,3220,119,98
6/1/2018,1,7,64,2956,113,91
6/2/2018,1,7,52,3287,120,94
6/3/2018,1,7,39,3148,124,96
6/4/2018,1,7,47,3465,134,92
6/5/2018,1,7,37,2686,114,95
6/6/2018,1,7,62,2781,106,95
6/7/2018,1,7,40,3462,108,92
6/8/2018,1,7,62,3011,112,95
6/9/2018,1,7,68,2850,126,92
6/10/2018,1,7,53,2966,132,97
6/11/2018,1,7,47,3438,132,97
6/12/2018,1,7,49,3479,109,96
6/13/2018,1,7,41,2766,121,94
6/14/2018,1,7,60,2655,132,95
6/15/2018,1,7,61,2597,101,98
6/16/2018,1,7,58,2973,136,94
6/17/2018,1,7,34,2638,134,91
6/18/2018,1,7,53,2712,128,91
6/19/2018,1,7,52,3343,129,92
6/20/2018,1,7,47,3430,129,92
6/21/2018,1,7,58,2823,133,97
6/22/2018,1,7,58,3041,103,96
6/23/2018,1,7,79,3139,113,96
6/24/2018,1,7,33,2968,136,94
6/25/2018,1,7,44,3240,102,97
6/26/2018,1,7,40,3138,134,91
6/27/2018,1,7,52,2674,128,95
6/28/2018,1,7,62,3032,103,95
6/29/2018,1,7,56,2943,106,93
6/30/2018,1,7,65,3448,101,96
7/1/2018,1,7,40,3253,136,96
7/2/2018,1,7,53,3409,137,96
7/3/2018,1,7,44,2816,123,93
7/4/2018,1,7,58,3297,103,91
7/5/2018,1,7,56,2809,112,92
7/6/2018,1,7,58,2758,131,96
7/7/2018,1,7,73,3244,104,93
7/8/2018,1,7,49,3193,129,92
7/9/2018,1,7,55,3350,131,92
7/10/2018,1,7,52,2901,133,97
7/11/2018,1,7,59,2540,130,95
7/12/2018,1,7,66,3202,117,97
7/13/2018,1,7,53,2619,112,97
7/14/2018,1,7,63,3063,125,95
7/15/2018,1,7,36,3252,116,98
7/16/2018,1,7,71,2540,118,92
7/17/2018,1,7,44,2701,127,93
7/18/2018,1,7,64,2778,109,97
7/19/2018,1,7,58,2983,130,93
7/20/2018,1,7,55,2857,106,95
7/21/2018,1,7,64,2646,101,96
7/22/2018,1,7,45,3414,124,98
7/23/2018,1,7,43,2742,126,91
7/24/2018,1,7,55,2892,131,91
7/25/2018,1,7,64,2855,113,97
7/26/2018,1,7,51,3185,136,93
7/27/2018,1,7,54,3318,118,92
7/28/2018,1,7,69,3395,102,91
7/29/2018,1,7,37,2600,105,91
7/30/2018,1,7,53,3172,135,95
7/31/2018,1,7,67,3192,135,97
8/1/2018,1,7,54,2987,126,98
8/2/2018,1,7,69,3281,133,98
8/3/2018,1,7,62,3232,125,91
8/4/2018,1,7,60,3403,137,95
8/5/2018,1,7,38,3158,137,96
8/6/2018,1,7,48,3401,126,95
8/7/2018,1,7,46,2573,129,95
8/8/2018,1,7,51,3028,123,95
8/9/2018,1,7,56,3393,115,96
8/10/2018,1,7,43,2621,111,92
8/11/2018,1,7,59,3341,109,95
8/12/2018,1,7,39,2899,103,91
8/13/2018,1,7,52,2645,119,98
8/14/2018,1,7,47,2780,110,98
8/15/2018,1,7,52,3415,128,96
8/16/2018,1,7,46,3459,118,95
8/17/2018,1,7,63,2762,120,97
8/18/2018,1,7,54,2589,105,98
8/19/2018,1,7,38,2954,117,92
8/20/2018,1,7,47,3082,116,94
8/21/2018,1,7,55,3370,137,91
8/22/2018,1,7,45,2527,128,93
8/23/2018,1,7,53,2520,119,95
8/24/2018,1,7,59,2905,116,95
8/25/2018,1,7,56,3063,137,97
8/26/2018,1,7,48,3418,107,97
8/27/2018,1,7,46,3325,109,98
8/28/2018,1,7,37,2752,115,94
8/29/2018,1,7,50,3119,135,93
8/30/2018,1,7,46,3000,118,94
8/31/2018,1,7,43,3462,113,98
9/1/2018,1,7,70,2763,120,91
9/2/2018,1,7,47,2785,117,98
9/3/2018,1,7,30,3036,127,92
9/4/2018,1,7,39,2641,114,97
9/5/2018,1,7,45,3400,119,98
9/6/2018,1,7,48,3309,129,91
9/7/2018,1,7,48,2560,133,97
9/8/2018,1,7,56,3402,121,92
9/9/2018,1,7,42,3245,105,92
9/10/2018,1,7,39,2600,105,97
9/11/2018,1,7,48,3041,115,93
9/12/2018,1,7,38,3332,126,98
9/13/2018,1,7,51,3116,121,95
9/14/2018,1,7,56,3159,106,96
9/15/2018,1,7,59,2895,104,94
9/16/2018,1,7,33,3431,119,95
9/17/2018,1,7,33,2617,115,93
9/18/2018,1,7,38,3213,115,91
9/19/2018,1,7,36,2862,122,91
9/20/2018,1,7,40,3406,130,95
9/21/2018,1,7,61,3097,112,96
9/22/2018,1,7,65,2716,133,93
9/23/2018,1,7,44,2951,124,98
9/24/2018,1,7,46,3215,121,98
9/25/2018,1,7,48,3348,105,94
9/26/2018,1,7,46,3477,118,94
9/27/2018,1,7,48,2997,124,93
9/28/2018,1,7,58,2687,118,93
9/29/2018,1,7,61,2910,135,98
9/30/2018,1,7,43,3107,132,93
10/1/2018,1,7,42,2891,114,91
10/2/2018,1,7,43,3086,105,92
10/3/2018,1,7,48,3234,114,92
10/4/2018,1,7,55,3072,111,93
10/5/2018,1,7,45,2728,127,93
10/6/2018,1,7,70,3130,126,92
10/7/2018,1,7,22,2595,119,98
10/8/2018,1,7,34,3439,126,91
10/9/2018,1,7,45,3243,124,96
10/10/2018,1,7,47,2647,113,96
10/11/2018,1,7,55,2732,110,96
10/12/2018,1,7,51,2553,131,96
10/13/2018,1,7,61,2794,122,97
10/14/2018,1,7,42,3013,130,95
10/15/2018,1,7,30,3341,111,91
10/16/2018,1,7,30,2897,114,92
10/17/2018,1,7,48,3469,106,91
10/18/2018,1,7,54,2648,120,95
10/19/2018,1,7,56,3199,121,98
10/20/2018,1,7,49,3485,112,91
10/21/2018,1,7,30,2599,124,96
10/22/2018,1,7,50,3125,116,97
10/23/2018,1,7,41,3308,106,92
10/24/2018,1,7,41,3466,135,97
10/25/2018,1,7,48,3252,101,96
10/26/2018,1,7,53,2665,113,96
10/27/2018,1,7,53,3173,131,96
10/28/2018,1,7,41,3446,101,95
10/29/2018,1,7,29,2660,126,93
10/30/2018,1,7,45,3422,103,98
10/31/2018,1,7,43,3387,107,94
11/1/2018,1,7,57,3474,130,93
11/2/2018,1,7,60,3193,114,93
11/3/2018,1,7,57,3026,101,97
11/4/2018,1,7,39,2850,125,92
11/5/2018,1,7,42,2626,119,98
11/6/2018,1,7,54,3335,120,92
11/7/2018,1,7,55,2929,104,95
11/8/2018,1,7,51,2776,126,95
11/9/2018,1,7,49,2939,121,97
11/10/2018,1,7,63,3264,138,94
11/11/2018,1,7,27,2848,126,96
11/12/2018,1,7,36,2838,111,93
11/13/2018,1,7,50,3131,138,97
11/14/2018,1,7,58,2721,111,93
11/15/2018,1,7,52,3128,134,91
11/16/2018,1,7,47,3343,113,91
11/17/2018,1,7,57,2962,118,91
11/18/2018,1,7,29,2514,119,93
11/19/2018,1,7,38,3456,112,98
11/20/2018,1,7,44,3027,103,92
11/21/2018,1,7,50,2708,106,98
11/22/2018,1,7,51,2910,119,93
11/23/2018,1,7,54,3384,125,98
11/24/2018,1,7,42,2612,102,92
11/25/2018,1,7,23,3121,134,97
11/26/2018,1,7,45,3088,101,92
11/27/2018,1,7,41,3058,105,91
11/28/2018,1,7,40,2867,134,95
11/29/2018,1,7,55,3399,104,93
11/30/2018,1,7,56,2550,103,93
12/1/2018,1,7,38,3479,131,95
12/2/2018,1,7,25,2711,105,92
12/3/2018,1,7,27,3204,129,95
12/4/2018,1,7,40,2665,112,91
12/5/2018,1,7,40,3480,125,91
12/6/2018,1,7,39,2993,104,97
12/7/2018,1,7,42,3205,115,92
12/8/2018,1,7,40,3188,129,98
12/9/2018,1,7,23,2573,118,93
12/10/2018,1,7,41,2904,137,95
12/11/2018,1,7,24,2977,128,92
12/12/2018,1,7,30,3016,107,96
12/13/2018,1,7,49,2846,120,91
12/14/2018,1,7,33,3465,122,93
12/15/2018,1,7,39,2808,117,98
12/16/2018,1,7,23,3406,138,91
12/17/2018,1,7,32,3129,137,95
12/18/2018,1,7,22,3340,119,92
12/19/2018,1,7,36,2738,118,93
12/20/2018,1,7,37,3205,128,98
12/21/2018,1,7,38,2852,103,93
12/22/2018,1,7,47,2927,108,91
12/23/2018,1,7,14,3259,120,91
12/24/2018,1,7,34,3245,106,96
12/25/2018,1,7,35,2693,123,94
12/26/2018,1,7,28,2556,124,97
12/27/2018,1,7,30,3429,125,93
12/28/2018,1,7,31,3403,108,95
12/29/2018,1,7,43,2543,138,95
12/30/2018,1,7,20,3053,121,97
12/31/2018,1,7,35,2915,131,92
1/1/2019,1,7,37,3012,101,96
1/2/2019,1,7,39,3068,108,92
1/3/2019,1,7,39,2819,138,96
1/4/2019,1,7,43,3085,129,92
1/5/2019,1,7,53,2645,123,91
1/6/2019,1,7,25,2670,116,96
1/7/2019,1,7,35,3332,127,97
1/8/2019,1,7,34,3195,117,91
1/9/2019,1,7,26,3184,131,98
1/10/2019,1,7,39,3263,111,95
1/11/2019,1,7,41,3445,102,91
1/12/2019,1,7,48,3468,104,95
1/13/2019,1,7,24,2784,132,95
1/14/2019,1,7,34,3334,103,94
1/15/2019,1,7,28,2946,103,97
1/16/2019,1,7,29,3345,107,93
1/17/2019,1,7,40,2727,126,98
1/18/2019,1,7,39,3385,125,91
1/19/2019,1,7,36,2692,110,98
1/20/2019,1,7,39,3059,127,95
1/21/2019,1,7,34,3197,135,97
1/22/2019,1,7,27,2756,108,98
1/23/2019,1,7,35,3198,138,96
1/24/2019,1,7,35,2734,130,95
1/25/2019,1,7,31,3228,109,92
1/26/2019,1,7,41,2900,127,97
1/27/2019,1,7,24,3016,131,94
1/28/2019,1,7,24,3148,111,96
1/29/2019,1,7,28,3260,103,91
1/30/2019,1,7,36,3019,126,96
1/31/2019,1,7,33,2571,106,93
2/1/2019,1,7,50,2955,119,91
2/2/2019,1,7,41,3266,115,94
2/3/2019,1,7,24,3235,130,98
2/4/2019,1,7,29,3439,126,96
2/5/2019,1,7,40,2794,106,94
2/6/2019,1,7,38,3228,119,95
2/7/2019,1,7,32,2885,103,97
2/8/2019,1,7,52,3042,123,97
2/9/2019,1,7,52,2872,129,91
2/10/2019,1,7,27,3443,102,98
2/11/2019,1,7,43,2715,102,93
2/12/2019,1,7,21,2782,125,94
2/13/2019,1,7,48,2566,133,96
2/14/2019,1,7,40,2833,134,96
2/15/2019,1,7,44,2536,109,94
2/16/2019,1,7,29,3060,109,96
2/17/2019,1,7,21,3288,131,93
2/18/2019,1,7,28,2730,134,93
2/19/2019,1,7,35,3030,101,95
2/20/2019,1,7,37,3231,116,98
2/21/2019,1,7,34,3454,103,94
2/22/2019,1,7,38,3293,136,92
2/23/2019,1,7,38,3398,103,94
2/24/2019,1,7,27,2982,114,93
2/25/2019,1,7,26,3209,137,94
2/26/2019,1,7,27,3201,137,98
2/27/2019,1,7,43,2627,129,95
2/28/2019,1,7,40,3280,131,91
3/1/2019,1,7,54,3455,135,96
3/2/2019,1,7,63,2846,125,95
3/3/2019,1,7,33,2566,105,94
3/4/2019,1,7,53,2891,132,92
3/5/2019,1,7,44,2672,106,93
3/6/2019,1,7,41,3444,123,92
3/7/2019,1,7,46,2597,131,91
3/8/2019,1,7,43,2686,122,96
3/9/2019,1,7,53,3428,121,97
3/10/2019,1,7,25,3449,117,92
3/11/2019,1,7,43,3066,135,92
3/12/2019,1,7,40,2705,120,97
3/13/2019,1,7,42,3365,138,95
3/14/2019,1,7,51,3308,113,97
3/15/2019,1,7,42,2954,113,97
3/16/2019,1,7,50,2944,115,95
3/17/2019,1,7,25,3018,105,96
3/18/2019,1,7,39,3125,123,96
3/19/2019,1,7,40,3362,111,95
3/20/2019,1,7,57,3147,119,93
3/21/2019,1,7,51,3028,105,95
3/22/2019,1,7,58,2902,124,96
3/23/2019,1,7,39,3106,117,94
3/24/2019,1,7,37,3231,109,96
3/25/2019,1,7,38,2647,119,95
3/26/2019,1,7,38,2694,138,96
3/27/2019,1,7,39,3077,125,97
3/28/2019,1,7,49,3275,112,96
3/29/2019,1,7,50,2991,108,94
3/30/2019,1,7,44,3473,138,98
3/31/2019,1,7,36,2823,110,93
4/1/2019,1,7,42,2861,119,97
4/2/2019,1,7,52,3184,113,92
4/3/2019,1,7,66,3247,138,95
4/4/2019,1,7,47,2916,114,92
4/5/2019,1,7,76,2938,116,94
4/6/2019,1,7,70,3480,122,97
4/7/2019,1,7,38,2884,115,95
4/8/2019,1,7,35,3388,122,98
4/9/2019,1,7,47,3480,120,98
4/10/2019,1,7,61,3225,111,95
4/11/2019,1,7,56,2944,118,96
4/12/2019,1,7,67,2740,135,93
4/13/2019,1,7,67,2996,104,93
4/14/2019,1,7,45,2909,128,96
4/15/2019,1,7,38,3427,124,97
4/16/2019,1,7,50,3316,129,98
4/17/2019,1,7,48,2540,106,96
4/18/2019,1,7,47,3168,124,97
4/19/2019,1,7,65,2928,102,95
4/20/2019,1,7,63,2862,124,96
4/21/2019,1,7,40,2896,104,92
4/22/2019,1,7,52,3052,138,94
4/23/2019,1,7,47,3173,127,94
4/24/2019,1,7,60,2717,124,92
4/25/2019,1,7,63,3079,135,95
4/26/2019,1,7,50,2541,137,94
4/27/2019,1,7,58,3498,106,95
4/28/2019,1,7,26,2915,138,94
4/29/2019,1,7,59,3470,135,98
4/30/2019,1,7,53,2675,127,93
5/1/2019,1,7,70,2680,135,98
5/2/2019,1,7,54,2539,138,95
5/3/2019,1,7,77,2620,118,97
5/4/2019,1,7,61,3423,137,93
5/5/2019,1,7,30,2868,124,92
5/6/2019,1,7,56,2560,104,95
5/7/2019,1,7,49,2594,126,97
5/8/2019,1,7,48,2925,116,92
5/9/2019,1,7,58,3024,134,92
5/10/2019,1,7,67,2874,122,93
5/11/2019,1,7,66,3211,119,93
5/12/2019,1,7,43,3403,128,91
5/13/2019,1,7,53,2788,121,94
5/14/2019,1,7,48,3199,130,94
5/15/2019,1,7,60,3406,109,94
5/16/2019,1,7,66,3084,111,95
5/17/2019,1,7,71,2837,107,93
5/18/2019,1,7,71,2645,120,96
5/19/2019,1,7,40,2735,135,98
5/20/2019,1,7,66,2961,102,93
5/21/2019,1,7,48,3279,118,97
5/22/2019,1,7,66,3035,113,93
5/23/2019,1,7,51,3199,105,98
5/24/2019,1,7,57,3121,115,95
5/25/2019,1,7,58,3449,117,92
5/26/2019,1,7,50,2614,132,97
5/27/2019,1,7,48,3081,121,98
5/28/2019,1,7,43,3097,135,97
5/29/2019,1,7,63,3363,136,96
5/30/2019,1,7,67,2531,115,94
5/31/2019,1,7,88,2966,122,97
6/1/2019,1,7,77,3097,127,95
6/2/2019,1,7,42,2554,107,95
6/3/2019,1,7,55,2825,128,91
6/4/2019,1,7,54,3171,104,96
6/5/2019,1,7,64,2817,128,97
6/6/2019,1,7,71,3105,138,95
6/7/2019,1,7,73,2933,106,95
6/8/2019,1,7,67,2900,118,91
6/9/2019,1,7,48,2706,124,91
6/10/2019,1,7,57,2666,115,97
6/11/2019,1,7,56,2518,115,95
6/12/2019,1,7,65,2837,112,96
6/13/2019,1,7,72,3462,114,98
6/14/2019,1,7,59,3360,107,94
6/15/2019,1,7,75,2996,128,94
6/16/2019,1,7,44,2789,112,91
6/17/2019,1,7,46,2636,127,96
6/18/2019,1,7,66,3280,133,97
6/19/2019,1,7,68,2786,128,93
6/20/2019,1,7,55,2501,105,93
6/21/2019,1,7,71,2528,120,97
6/22/2019,1,7,80,2534,129,97
6/23/2019,1,7,44,3383,111,97
6/24/2019,1,7,51,2619,114,95
6/25/2019,1,7,47,3107,133,91
6/26/2019,1,7,65,3302,135,98
6/27/2019,1,7,64,2933,138,93
6/28/2019,1,7,69,2682,111,93
6/29/2019,1,7,66,2532,102,97
6/30/2019,1,7,48,3391,102,97
7/1/2019,1,7,55,2694,123,92
7/2/2019,1,7,50,2984,132,97
7/3/2019,1,7,53,2707,108,97
7/4/2019,1,7,68,3482,114,91
7/5/2019,1,7,74,3326,101,95
7/6/2019,1,7,72,3323,109,93
7/7/2019,1,7,51,3060,101,95
7/8/2019,1,7,52,3324,133,92
7/9/2019,1,7,57,2554,132,97
7/10/2019,1,7,62,3334,120,97
7/11/2019,1,7,63,3095,106,93
7/12/2019,1,7,76,3429,121,98
7/13/2019,1,7,71,2529,125,93
7/14/2019,1,7,47,2668,123,91
7/15/2019,1,7,51,3462,124,97
7/16/2019,1,7,62,2636,114,97
7/17/2019,1,7,79,2643,114,96
7/18/2019,1,7,74,2580,133,93
7/19/2019,1,7,84,2610,121,95
7/20/2019,1,7,74,3408,101,95
7/21/2019,1,7,49,3289,119,94
7/22/2019,1,7,58,3305,123,95
7/23/2019,1,7,55,2706,130,96
7/24/2019,1,7,72,2996,124,91
7/25/2019,1,7,67,2960,105,91
7/26/2019,1,7,82,2626,130,96
7/27/2019,1,7,84,2581,124,92
7/28/2019,1,7,58,3273,105,91
7/29/2019,1,7,55,2852,129,95
7/30/2019,1,7,59,3363,135,97
7/31/2019,1,7,62,3480,135,92
8/1/2019,1,7,47,3361,133,94
8/2/2019,1,7,54,3398,119,95
8/3/2019,1,7,68,3102,134,96
8/4/2019,1,7,55,2999,126,97
8/5/2019,1,7,54,3248,109,94
8/6/2019,1,7,49,3456,112,97
8/7/2019,1,7,62,2664,133,94
8/8/2019,1,7,63,3081,107,91
8/9/2019,1,7,81,3043,116,94
8/10/2019,1,7,69,2531,116,98
8/11/2019,1,7,41,2857,117,91
8/12/2019,1,7,51,3422,127,91
8/13/2019,1,7,50,2667,128,98
8/14/2019,1,7,60,2609,113,91
8/15/2019,1,7,81,3162,103,91
8/16/2019,1,7,63,3213,138,96
8/17/2019,1,7,74,3385,101,93
8/18/2019,1,7,42,3350,122,93
8/19/2019,1,7,59,2654,111,91
8/20/2019,1,7,50,3181,103,92
8/21/2019,1,7,56,3366,109,97
8/22/2019,1,7,72,3305,115,96
8/23/2019,1,7,55,2967,125,95
8/24/2019,1,7,69,3304,137,91
8/25/2019,1,7,38,3236,136,95
8/26/2019,1,7,56,2614,103,94
8/27/2019,1,7,52,3083,109,97
8/28/2019,1,7,49,3299,103,92
8/29/2019,1,7,60,3189,102,94
8/30/2019,1,7,75,3405,114,95
8/31/2019,1,7,69,2801,104,91
9/1/2019,1,7,38,2580,115,91
9/2/2019,1,7,46,3384,125,93
9/3/2019,1,7,45,3308,114,98
9/4/2019,1,7,66,3019,117,98
9/5/2019,1,7,68,2831,120,98
9/6/2019,1,7,72,3109,123,93
9/7/2019,1,7,73,3253,135,93
9/8/2019,1,7,44,3454,115,93
9/9/2019,1,7,37,3152,118,91
9/10/2019,1,7,53,3466,115,96
9/11/2019,1,7,60,2635,106,95
9/12/2019,1,7,59,2756,112,97
9/13/2019,1,7,55,2542,137,92
9/14/2019,1,7,66,2644,105,95
9/15/2019,1,7,32,2903,124,97
9/16/2019,1,7,51,2944,131,93
9/17/2019,1,7,51,3125,111,94
9/18/2019,1,7,54,2811,120,97
9/19/2019,1,7,58,2926,113,92
9/20/2019,1,7,54,2696,129,96
9/21/2019,1,7,73,2949,120,92
9/22/2019,1,7,39,2754,134,98
9/23/2019,1,7,54,3330,122,97
9/24/2019,1,7,45,3495,103,96
9/25/2019,1,7,52,2909,122,96
9/26/2019,1,7,58,3391,122,97
9/27/2019,1,7,45,3332,107,98
9/28/2019,1,7,55,2822,123,91
9/29/2019,1,7,41,2855,110,91
9/30/2019,1,7,48,2795,118,96
10/1/2019,1,7,46,2901,130,97
10/2/2019,1,7,54,2969,126,95
10/3/2019,1,7,41,2887,120,97
10/4/2019,1,7,67,3258,125,98
10/5/2019,1,7,61,3407,135,92
10/6/2019,1,7,42,3388,107,93
10/7/2019,1,7,48,3352,124,93
10/8/2019,1,7,39,3008,104,92
10/9/2019,1,7,42,3068,131,97
10/10/2019,1,7,50,2842,138,93
10/11/2019,1,7,66,3439,138,94
10/12/2019,1,7,59,3142,123,95
10/13/2019,1,7,30,2999,123,91
10/14/2019,1,7,40,3275,113,95
10/15/2019,1,7,36,2586,106,92
10/16/2019,1,7,46,3256,129,93
10/17/2019,1,7,46,2690,105,91
10/18/2019,1,7,54,3132,129,94
10/19/2019,1,7,52,3170,103,93
10/20/2019,1,7,39,3127,133,95
10/21/2019,1,7,47,2650,109,91
10/22/2019,1,7,50,2729,102,98
10/23/2019,1,7,56,3042,107,96
10/24/2019,1,7,55,3321,123,94
10/25/2019,1,7,59,3292,102,98
10/26/2019,1,7,70,2869,114,96
10/27/2019,1,7,44,3327,124,94
10/28/2019,1,7,41,2976,113,98
10/29/2019,1,7,29,2749,116,94
10/30/2019,1,7,53,2844,133,93
10/31/2019,1,7,44,3083,125,98
11/1/2019,1,7,53,2790,131,98
11/2/2019,1,7,54,3272,106,94
11/3/2019,1,7,30,3226,114,94
11/4/2019,1,7,50,3472,101,98
11/5/2019,1,7,49,3298,137,96
11/6/2019,1,7,64,2598,133,98
11/7/2019,1,7,52,2928,125,98
11/8/2019,1,7,58,3227,124,97
11/9/2019,1,7,58,2843,112,97
11/10/2019,1,7,45,2852,124,95
11/11/2019,1,7,38,2968,104,96
11/12/2019,1,7,45,2612,112,93
11/13/2019,1,7,57,2643,123,93
11/14/2019,1,7,51,3078,112,95
11/15/2019,1,7,59,3432,133,98
11/16/2019,1,7,65,3432,105,95
11/17/2019,1,7,53,2872,108,96
11/18/2019,1,7,46,2784,125,93
11/19/2019,1,7,55,3261,133,92
11/20/2019,1,7,63,3244,133,92
11/21/2019,1,7,57,2535,127,97
11/22/2019,1,7,56,3015,113,97
11/23/2019,1,7,51,2755,107,93
11/24/2019,1,7,42,3016,104,91
11/25/2019,1,7,47,2699,124,96
11/26/2019,1,7,50,3390,127,95
11/27/2019,1,7,49,3080,105,97
11/28/2019,1,7,66,2752,136,95
11/29/2019,1,7,63,3034,103,98
11/30/2019,1,7,55,3028,125,95
12/1/2019,1,7,30,2542,111,93
12/2/2019,1,7,44,2589,133,94
12/3/2019,1,7,30,3463,133,96
12/4/2019,1,7,32,2646,118,93
12/5/2019,1,7,43,2729,107,93
12/6/2019,1,7,36,3189,118,95
12/7/2019,1,7,39,3369,128,93
12/8/2019,1,7,24,2815,114,92
12/9/2019,1,7,47,3370,128,95
12/10/2019,1,7,27,3066,109,98
12/11/2019,1,7,40,3043,112,93
12/12/2019,1,7,26,3269,106,98
12/13/2019,1,7,34,3032,131,91
12/14/2019,1,7,48,2772,128,94
12/15/2019,1,7,28,3470,109,92
12/16/2019,1,7,31,3228,126,92
12/17/2019,1,7,38,2697,128,97
12/18/2019,1,7,30,2872,135,93
12/19/2019,1,7,53,3155,131,92
12/20/2019,1,7,42,3370,130,94
12/21/2019,1,7,39,3177,122,91
12/22/2019,1,7,28,3376,106,91
12/23/2019,1,7,51,3472,111,97
12/24/2019,1,7,34,3256,130,93
12/25/2019,1,7,37,3191,133,96
12/26/2019,1,7,45,3003,111,96
12/27/2019,1,7,31,2588,137,92
12/28/2019,1,7,44,2955,109,91
12/29/2019,1,7,26,3480,119,97
12/30/2019,1,7,36,3450,116,93
12/31/2019,1,7,28,3035,134,92
1/1/2020,1,7,37,2608,120,95
1/2/2020,1,7,38,2705,115,96
1/3/2020,1,7,47,3327,138,92
1/4/2020,1,7,48,3150,131,95
1/5/2020,1,7,23,3261,118,91
1/6/2020,1,7,30,3388,131,94
1/7/2020,1,7,29,3290,102,96
1/8/2020,1,7,23,2817,104,91
1/9/2020,1,7,35,2655,127,94
1/10/2020,1,7,44,3425,118,95
1/11/2020,1,7,42,3484,112,93
1/12/2020,1,7,35,3321,124,97
1/13/2020,1,7,31,2513,124,93
1/14/2020,1,7,22,3136,128,96
1/15/2020,1,7,29,3481,123,93
1/16/2020,1,7,31,3137,107,95
1/17/2020,1,7,50,2538,106,94
1/18/2020,1,7,34,2881,101,91
1/19/2020,1,7,33,3295,134,93
1/20/2020,1,7,40,2819,124,97
1/21/2020,1,7,25,3012,105,93
1/22/2020,1,7,45,2891,109,93
1/23/2020,1,7,38,2753,116,93
1/24/2020,1,7,41,2999,119,92
1/25/2020,1,7,52,2535,110,96
1/26/2020,1,7,28,3397,118,91
1/27/2020,1,7,28,3227,101,94
1/28/2020,1,7,34,3052,124,97
1/29/2020,1,7,35,2977,113,97
1/30/2020,1,7,27,2511,103,94
1/31/2020,1,7,32,2591,117,95
2/1/2020,1,7,37,2588,130,91
2/2/2020,1,7,28,2712,132,92
2/3/2020,1,7,37,2666,134,92
2/4/2020,1,7,41,2638,135,93
2/5/2020,1,7,41,2886,103,94
2/6/2020,1,7,38,3070,127,95
2/7/2020,1,7,41,2957,135,95
2/8/2020,1,7,55,2785,105,96
2/9/2020,1,7,42,2754,138,97
2/10/2020,1,7,44,2928,117,93
2/11/2020,1,7,38,3499,120,97
2/12/2020,1,7,30,3340,105,95
2/13/2020,1,7,43,2919,109,96
2/14/2020,1,7,44,2924,130,97
2/15/2020,1,7,54,3145,108,92
2/16/2020,1,7,19,3338,101,93
2/17/2020,1,7,35,2748,113,92
2/18/2020,1,7,39,3128,116,98
2/19/2020,1,7,34,2630,116,91
2/20/2020,1,7,35,3482,120,97
2/21/2020,1,7,46,3486,132,97
2/22/2020,1,7,42,3457,131,92
2/23/2020,1,7,38,3453,108,97
2/24/2020,1,7,29,2524,131,97
2/25/2020,1,7,39,3175,128,98
2/26/2020,1,7,48,3217,121,98
2/27/2020,1,7,53,2519,132,91
2/28/2020,1,7,41,3490,114,98
3/1/2020,1,7,65,3304,106,97
3/2/2020,1,7,37,2709,123,97
3/3/2020,1,7,36,3047,129,94
3/4/2020,1,7,48,2530,127,97
3/5/2020,1,7,46,2677,122,91
3/6/2020,1,7,49,3052,132,93
3/7/2020,1,7,46,3285,125,93
3/8/2020,1,7,69,3147,116,98
3/9/2020,1,7,43,3209,104,97
3/10/2020,1,7,42,2511,134,92
3/11/2020,1,7,36,3425,102,92
3/12/2020,1,7,56,2998,109,92
3/13/2020,1,7,45,2623,106,93
3/14/2020,1,7,63,2556,104,93
3/15/2020,1,7,60,3158,116,97
3/16/2020,1,7,42,3473,118,96
3/17/2020,1,7,40,2906,109,95
3/18/2020,1,7,38,3143,137,92
3/19/2020,1,7,42,3137,134,95
3/20/2020,1,7,51,2568,137,95
3/21/2020,1,7,58,3410,136,95
3/22/2020,1,7,56,3117,138,93
3/23/2020,1,7,37,2598,127,91
3/24/2020,1,7,42,2653,129,92
3/25/2020,1,7,40,3229,127,94
3/26/2020,1,7,42,2641,118,96
3/27/2020,1,7,50,2888,114,96
3/28/2020,1,7,42,3071,126,92
3/29/2020,1,7,67,2788,125,92
3/30/2020,1,7,22,3097,102,94
3/31/2020,1,7,42,2704,106,94
4/1/2020,1,7,47,3027,101,92
4/2/2020,1,7,55,2725,135,91
4/3/2020,1,7,58,2727,132,94
4/4/2020,1,7,62,2650,104,95
4/5/2020,1,7,77,2506,111,96
4/6/2020,1,7,41,2674,138,96
4/7/2020,1,7,61,2569,102,91
4/8/2020,1,7,62,3255,101,94
4/9/2020,1,7,61,2808,129,92
4/10/2020,1,7,68,2933,109,93
4/11/2020,1,7,66,2575,116,95
4/12/2020,1,7,68,2704,114,93
4/13/2020,1,7,42,2592,128,92
4/14/2020,1,7,59,2505,113,91
4/15/2020,1,7,60,3462,133,94
4/16/2020,1,7,69,2816,135,91
4/17/2020,1,7,53,2878,103,93
4/18/2020,1,7,68,3289,126,92
4/19/2020,1,7,71,3152,108,93
4/20/2020,1,7,51,2802,119,91
4/21/2020,1,7,34,2692,137,95
4/22/2020,1,7,55,2571,122,93
4/23/2020,1,7,51,2595,107,91
4/24/2020,1,7,50,2754,136,94
4/25/2020,1,7,61,3470,102,95
4/26/2020,1,7,74,2798,129,94
4/27/2020,1,7,48,3447,127,94
4/28/2020,1,7,52,3135,130,96
4/29/2020,1,7,50,3255,122,95
4/30/2020,1,7,52,3459,101,92
5/1/2020,1,7,57,3111,125,95
5/2/2020,1,7,70,3466,128,95
5/3/2020,1,7,73,2730,115,96
5/4/2020,1,7,48,2820,115,93
5/5/2020,1,7,57,3277,106,97
5/6/2020,1,7,53,2859,102,91
5/7/2020,1,7,48,3142,124,94
5/8/2020,1,7,69,2598,122,92
5/9/2020,1,7,64,2600,123,97
5/10/2020,1,7,70,3069,121,94
5/11/2020,1,7,49,2657,114,92
5/12/2020,1,7,63,3197,133,93
5/13/2020,1,7,49,2702,108,94
5/14/2020,1,7,56,3114,104,93
5/15/2020,1,7,67,2608,107,96
5/16/2020,1,7,79,2794,108,95
5/17/2020,1,7,63,2601,104,95
5/18/2020,1,7,67,2758,112,94
5/19/2020,1,7,47,3218,130,95
5/20/2020,1,7,54,3415,125,92
5/21/2020,1,7,67,2934,138,92
5/22/2020,1,7,55,3213,133,93
5/23/2020,1,7,70,3106,107,92
5/24/2020,1,7,78,3413,125,95
5/25/2020,1,7,46,2875,101,94
5/26/2020,1,7,52,3013,110,97
5/27/2020,1,7,68,3249,128,95
5/28/2020,1,7,66,3250,131,91
5/29/2020,1,7,54,3284,103,94
5/30/2020,1,7,85,2644,110,91
5/31/2020,1,7,86,2688,124,92
6/1/2020,1,7,48,2581,113,96
6/2/2020,1,7,59,3323,110,98
6/3/2020,1,7,55,3393,124,94
6/4/2020,1,7,69,3437,113,97
6/5/2020,1,7,65,3163,136,94
6/6/2020,1,7,72,2933,105,93
6/7/2020,1,7,64,2571,136,92
6/8/2020,1,7,56,3281,132,91
6/9/2020,1,7,67,3152,138,91
6/10/2020,1,7,54,3171,135,97
6/11/2020,1,7,62,2817,134,93
6/12/2020,1,7,71,2841,102,97
6/13/2020,1,7,85,3008,115,92
6/14/2020,1,7,74,3128,115,92
6/15/2020,1,7,47,2508,133,94
6/16/2020,1,7,67,2706,125,91
6/17/2020,1,7,47,2645,128,98
6/18/2020,1,7,73,2896,124,97
6/19/2020,1,7,65,3378,134,94
6/20/2020,1,7,69,3004,110,91
6/21/2020,1,7,84,2527,130,92
6/22/2020,1,7,47,3253,136,93
6/23/2020,1,7,52,3214,102,92
6/24/2020,1,7,60,3190,110,94
6/25/2020,1,7,79,2545,136,95
6/26/2020,1,7,68,2768,109,97
6/27/2020,1,7,80,3330,128,95
6/28/2020,1,7,85,2776,101,96
6/29/2020,1,7,55,2513,133,91
6/30/2020,1,7,59,2659,129,97
7/1/2020,1,7,61,3052,113,92
7/2/2020,1,7,59,3479,117,95
7/3/2020,1,7,75,3370,131,98
7/4/2020,1,7,98,3272,127,94
7/5/2020,1,7,75,2527,104,98
7/6/2020,1,7,60,2774,125,93
7/7/2020,1,7,69,2514,117,93
7/8/2020,1,7,49,2720,131,98
7/9/2020,1,7,59,3015,129,94
7/10/2020,1,7,72,3214,108,92
7/11/2020,1,7,62,3093,128,95
7/12/2020,1,7,83,2685,111,94
7/13/2020,1,7,54,2540,131,93
7/14/2020,1,7,69,3029,105,91
7/15/2020,1,7,53,3417,107,96
7/16/2020,1,7,68,3117,133,93
7/17/2020,1,7,71,2821,106,91
7/18/2020,1,7,100,2575,115,93
7/19/2020,1,7,81,2962,129,91
7/20/2020,1,7,52,2502,116,91
7/21/2020,1,7,75,2989,120,97
7/22/2020,1,7,59,3327,108,93
7/23/2020,1,7,72,3083,138,94
7/24/2020,1,7,77,3078,105,93
7/25/2020,1,7,74,3296,111,91
7/26/2020,1,7,85,2984,131,98
7/27/2020,1,7,52,2921,117,98
7/28/2020,1,7,69,2970,110,93
7/29/2020,1,7,61,3192,103,93
7/30/2020,1,7,63,2639,107,97
7/31/2020,1,7,75,2914,110,92
8/1/2020,1,7,67,3229,138,93
8/2/2020,1,7,72,3072,102,93
8/3/2020,1,7,63,2975,137,92
8/4/2020,1,7,48,2798,105,96
8/5/2020,1,7,57,3224,104,96
8/6/2020,1,7,68,2877,125,91
8/7/2020,1,7,60,3033,137,97
8/8/2020,1,7,67,2697,105,98
8/9/2020,1,7,64,2915,106,94
8/10/2020,1,7,43,2522,125,95
8/11/2020,1,7,58,3438,112,97
8/12/2020,1,7,57,2683,106,96
8/13/2020,1,7,39,3162,110,98
8/14/2020,1,7,54,2631,118,97
8/15/2020,1,7,59,3315,123,92
8/16/2020,1,7,76,3394,129,94
8/17/2020,1,7,54,3176,121,91
8/18/2020,1,7,62,2563,107,98
8/19/2020,1,7,66,2754,101,97
8/20/2020,1,7,60,3442,126,94
8/21/2020,1,7,61,3464,119,93
8/22/2020,1,7,69,2827,125,98
8/23/2020,1,7,68,2664,128,94
8/24/2020,1,7,37,2521,107,97
8/25/2020,1,7,74,2577,120,98
8/26/2020,1,7,52,3206,104,95
8/27/2020,1,7,64,3281,128,91
8/28/2020,1,7,58,3025,128,94
8/29/2020,1,7,84,2761,130,97
8/30/2020,1,7,78,2771,112,97
8/31/2020,1,7,42,2704,101,92
9/1/2020,1,7,48,3038,106,93
9/2/2020,1,7,49,2548,117,93
9/3/2020,1,7,48,2656,107,92
9/4/2020,1,7,54,3334,112,94
9/5/2020,1,7,60,2584,116,93
9/6/2020,1,7,51,2813,122,98
9/7/2020,1,7,36,2723,133,95
9/8/2020,1,7,51,3253,135,95
9/9/2020,1,7,40,3494,122,98
9/10/2020,1,7,49,3230,121,98
9/11/2020,1,7,60,3141,115,91
9/12/2020,1,7,67,2725,134,92
9/13/2020,1,7,61,3347,137,93
9/14/2020,1,7,36,3305,128,91
9/15/2020,1,7,44,3200,117,91
9/16/2020,1,7,56,2830,127,91
9/17/2020,1,7,56,3300,122,93
9/18/2020,1,7,70,2855,133,95
9/19/2020,1,7,64,3341,137,97
9/20/2020,1,7,54,2605,102,97
9/21/2020,1,7,32,2898,111,95
9/22/2020,1,7,60,2918,137,91
9/23/2020,1,7,40,3092,124,95
9/24/2020,1,7,63,3266,106,92
9/25/2020,1,7,57,3306,115,96
9/26/2020,1,7,77,3207,102,95
9/27/2020,1,7,53,3015,128,96
9/28/2020,1,7,45,3035,115,91
9/29/2020,1,7,55,3063,137,93
9/30/2020,1,7,54,2783,112,98
10/1/2020,1,7,61,2946,119,97
10/2/2020,1,7,55,3417,107,91
10/3/2020,1,7,60,2700,129,93
10/4/2020,1,7,64,3086,127,92
10/5/2020,1,7,38,3126,103,95
10/6/2020,1,7,40,3455,105,95
10/7/2020,1,7,40,3423,113,97
10/8/2020,1,7,59,3244,103,95
10/9/2020,1,7,68,3194,106,95
10/10/2020,1,7,59,3279,114,95
10/11/2020,1,7,64,3490,134,92
10/12/2020,1,7,45,3243,103,96
10/13/2020,1,7,60,3024,116,97
10/14/2020,1,7,56,2806,129,98
10/15/2020,1,7,62,2544,116,91
10/16/2020,1,7,50,2792,103,94
10/17/2020,1,7,61,2939,117,97
10/18/2020,1,7,77,2817,126,91
10/19/2020,1,7,51,3189,112,97
10/20/2020,1,7,38,2968,132,91
10/21/2020,1,7,38,3417,127,93
10/22/2020,1,7,40,3151,129,95
10/23/2020,1,7,55,3010,112,97
10/24/2020,1,7,60,3318,101,97
10/25/2020,1,7,76,3178,103,92
10/26/2020,1,7,35,3160,138,91
10/27/2020,1,7,40,3135,135,97
10/28/2020,1,7,50,2682,103,91
10/29/2020,1,7,47,3023,101,98
10/30/2020,1,7,61,2523,126,97
10/31/2020,1,7,55,2769,129,93
11/1/2020,1,7,67,2733,131,97
11/2/2020,1,7,41,3015,138,93
11/3/2020,1,7,42,2837,107,95
11/4/2020,1,7,49,3091,115,98
11/5/2020,1,7,56,3375,112,98
11/6/2020,1,7,73,2919,101,96
11/7/2020,1,7,47,2935,109,95
11/8/2020,1,7,57,3036,121,93
11/9/2020,1,7,38,3276,132,93
11/10/2020,1,7,44,3011,138,96
11/11/2020,1,7,63,2908,138,92
11/12/2020,1,7,47,2513,118,95
11/13/2020,1,7,56,2787,106,94
11/14/2020,1,7,56,2542,115,91
11/15/2020,1,7,72,2903,119,94
11/16/2020,1,7,58,3149,123,96
11/17/2020,1,7,58,2615,108,98
11/18/2020,1,7,55,3349,109,91
11/19/2020,1,7,67,3242,120,93
11/20/2020,1,7,67,2712,102,98
11/21/2020,1,7,79,2755,126,94
11/22/2020,1,7,57,3438,102,95
11/23/2020,1,7,43,2628,113,97
11/24/2020,1,7,45,3235,104,97
11/25/2020,1,7,45,3360,127,91
11/26/2020,1,7,50,2997,103,98
11/27/2020,1,7,59,2546,104,98
11/28/2020,1,7,62,2813,128,98
11/29/2020,1,7,69,2556,102,98
11/30/2020,1,7,43,3362,114,91
12/1/2020,1,7,40,3162,108,97
12/2/2020,1,7,38,2584,121,95
12/3/2020,1,7,37,2786,114,98
12/4/2020,1,7,49,2904,114,95
12/5/2020,1,7,49,3431,136,98
12/6/2020,1,7,44,3320,126,96
12/7/2020,1,7,28,2831,108,95
12/8/2020,1,7,28,3069,107,92
12/9/2020,1,7,43,3163,102,94
12/10/2020,1,7,41,2967,119,97
12/11/2020,1,7,44,2974,130,95
12/12/2020,1,7,50,2817,125,94
12/13/2020,1,7,38,3134,124,92
12/14/2020,1,7,28,3206,133,93
12/15/2020,1,7,38,3292,134,97
12/16/2020,1,7,47,3007,120,98
12/17/2020,1,7,30,3156,137,96
12/18/2020,1,7,46,3384,125,91
12/19/2020,1,7,44,2773,106,97
12/20/2020,1,7,40,2892,130,92
12/21/2020,1,7,24,2734,137,93
12/22/2020,1,7,41,2799,125,98
12/23/2020,1,7,26,3476,134,96
12/24/2020,1,7,48,2645,123,96
12/25/2020,1,7,41,3268,114,92
12/26/2020,1,7,45,2700,137,96
12/27/2020,1,7,43,2877,108,97
12/28/2020,1,7,27,3059,111,93
12/29/2020,1,7,47,3483,135,97
12/30/2020,1,7,37,2746,108,91
12/31/2020,1,7,50,3371,120,94
1/1/2021,1,7,30,2980,124,98
1/2/2021,1,7,44,2649,102,93
1/3/2021,1,7,32,2526,133,92
1/4/2021,1,7,19,3494,114,94
1/5/2021,1,7,27,3408,135,98
1/6/2021,1,7,36,3500,120,91
1/7/2021,1,7,27,3286,113,93
1/8/2021,1,7,40,3380,107,97
1/9/2021,1,7,26,3069,130,95
1/10/2021,1,7,48,3198,102,97
1/11/2021,1,7,38,3104,114,94
1/12/2021,1,7,24,3117,101,96
1/13/2021,1,7,39,2942,119,97
1/14/2021,1,7,31,3135,109,97
1/15/2021,1,7,45,3424,107,94
1/16/2021,1,7,47,2848,112,95
1/17/2021,1,7,42,3374,119,91
1/18/2021,1,7,21,2735,104,97
1/19/2021,1,7,41,2722,107,98
1/20/2021,1,7,44,2612,108,91
1/21/2021,1,7,42,2754,106,91
1/22/2021,1,7,44,3304,137,95
1/23/2021,1,7,40,2739,122,98
1/24/2021,1,7,48,3085,109,92
1/25/2021,1,7,28,2834,119,97
1/26/2021,1,7,41,2969,128,97
1/27/2021,1,7,41,2947,116,98
1/28/2021,1,7,29,3466,125,97
1/29/2021,1,7,49,2823,102,92
1/30/2021,1,7,56,2513,132,98
1/31/2021,1,7,48,2853,130,91
2/1/2021,1,7,36,3350,101,96
2/2/2021,1,7,39,3464,103,91
2/3/2021,1,7,43,3288,113,91
2/4/2021,1,7,42,2707,135,93
2/5/2021,1,7,39,3298,127,95
2/6/2021,1,7,56,3444,113,95
2/7/2021,1,7,46,3320,109,96
2/8/2021,1,7,26,3342,125,92
2/9/2021,1,7,43,3479,108,95
2/10/2021,1,7,45,3255,136,97
2/11/2021,1,7,42,2869,102,93
2/12/2021,1,7,43,3265,116,91
2/13/2021,1,7,47,2974,116,98
2/14/2021,1,7,45,2528,113,93
2/15/2021,1,7,49,3471,124,92
2/16/2021,1,7,37,3194,124,94
2/17/2021,1,7,39,2989,135,91
2/18/2021,1,7,42,3137,120,91
2/19/2021,1,7,38,2568,116,92
2/20/2021,1,7,57,2531,102,97
2/21/2021,1,7,40,2543,133,92
2/22/2021,1,7,35,2519,131,92
2/23/2021,1,7,26,3219,103,96
2/24/2021,1,7,40,2828,107,98
2/25/2021,1,7,44,3376,128,98
2/26/2021,1,7,49,3069,108,97
2/27/2021,1,7,51,2515,102,91
2/28/2021,1,7,52,2909,137,92
2/29/2021,1,7,37,3395,131,92
3/1/2021,1,7,44,2537,116,96
3/2/2021,1,7,51,3131,120,95
3/3/2021,1,7,48,3382,117,97
3/4/2021,1,7,74,3479,106,98
3/5/2021,1,7,54,2652,119,94
3/6/2021,1,7,71,2897,131,93
3/7/2021,1,7,34,2835,137,92
3/8/2021,1,7,48,2568,134,97
3/9/2021,1,7,51,2923,111,96
3/10/2021,1,7,48,2999,109,98
3/11/2021,1,7,63,2712,107,94
3/12/2021,1,7,64,3024,107,92
3/13/2021,1,7,64,2699,107,91
3/14/2021,1,7,47,2698,103,94
3/15/2021,1,7,43,3369,102,97
3/16/2021,1,7,43,3192,122,95
3/17/2021,1,7,54,2938,104,92
3/18/2021,1,7,59,2838,115,97
3/19/2021,1,7,54,3090,131,91
3/20/2021,1,7,64,3447,111,94
3/21/2021,1,7,52,3280,109,92
3/22/2021,1,7,46,2966,117,91
3/23/2021,1,7,49,2853,102,98
3/24/2021,1,7,55,3208,137,91
3/25/2021,1,7,72,2521,107,91
3/26/2021,1,7,49,2632,129,95
3/27/2021,1,7,53,3439,125,98
3/28/2021,1,7,45,2827,104,92
3/29/2021,1,7,57,3373,133,94
3/30/2021,1,7,51,2877,108,94
3/31/2021,1,7,55,2711,119,95
4/1/2021,1,7,66,2739,122,96
4/2/2021,1,7,78,3149,120,95
4/3/2021,1,7,75,2529,103,95
4/4/2021,1,7,47,3297,107,97
4/5/2021,1,7,75,2622,117,92
4/6/2021,1,7,55,2841,107,94
4/7/2021,1,7,73,2808,118,98
4/8/2021,1,7,59,3061,105,91
4/9/2021,1,7,56,3223,121,95
4/10/2021,1,7,78,3128,136,92
4/11/2021,1,7,46,2856,123,98
4/12/2021,1,7,63,3160,132,95
4/13/2021,1,7,47,3129,114,97
4/14/2021,1,7,62,3095,109,93
4/15/2021,1,7,66,2916,105,95
4/16/2021,1,7,62,2771,117,92
4/17/2021,1,7,70,3094,138,95
4/18/2021,1,7,51,2883,121,94
4/19/2021,1,7,63,3021,118,92
4/20/2021,1,7,57,3106,106,96
4/21/2021,1,7,61,2759,106,91
4/22/2021,1,7,57,3230,128,97
4/23/2021,1,7,65,3231,104,91
4/24/2021,1,7,77,2871,115,96
4/25/2021,1,7,52,3032,126,96
4/26/2021,1,7,57,3460,129,93
4/27/2021,1,7,50,3134,135,93
4/28/2021,1,7,63,3472,113,92
4/29/2021,1,7,79,2546,124,92
4/30/2021,1,7,73,2725,104,94
5/1/2021,1,7,75,2500,117,94
5/2/2021,1,7,47,2928,135,94
5/3/2021,1,7,44,3100,123,95
5/4/2021,1,7,71,3124,121,97
5/5/2021,1,7,76,2844,120,92
5/6/2021,1,7,58,2901,106,92
5/7/2021,1,7,76,2937,127,93
5/8/2021,1,7,73,3497,120,95
5/9/2021,1,7,64,2783,105,91
5/10/2021,1,7,62,2672,118,92
5/11/2021,1,7,59,3174,123,95
5/12/2021,1,7,49,3372,133,97
5/13/2021,1,7,66,2909,115,93
5/14/2021,1,7,98,3403,131,96
5/15/2021,1,7,78,2894,137,95
5/16/2021,1,7,52,3393,111,96
5/17/2021,1,7,59,2875,113,98
5/18/2021,1,7,63,3150,138,92
5/19/2021,1,7,65,2606,125,96
5/20/2021,1,7,74,3085,118,91
5/21/2021,1,7,53,3074,114,91
5/22/2021,1,7,69,2921,115,94
5/23/2021,1,7,53,2682,114,95
5/24/2021,1,7,63,3296,125,98
5/25/2021,1,7,64,2828,135,92
5/26/2021,1,7,67,3155,122,97
5/27/2021,1,7,58,3332,133,97
5/28/2021,1,7,65,3499,138,97
5/29/2021,1,7,72,3202,121,92
5/30/2021,1,7,51,3203,128,92
5/31/2021,1,7,54,3109,104,98
6/1/2021,1,7,71,2565,112,94
6/2/2021,1,7,77,3417,125,97
6/3/2021,1,7,55,3178,123,92
6/4/2021,1,7,67,3478,127,95
6/5/2021,1,7,93,2734,120,95
6/6/2021,1,7,63,2852,138,98
6/7/2021,1,7,73,2592,102,94
6/8/2021,1,7,52,2858,128,97
6/9/2021,1,7,75,2975,120,94
6/10/2021,1,7,63,3348,135,95
6/11/2021,1,7,81,2690,127,91
6/12/2021,1,7,85,3235,108,97
6/13/2021,1,7,61,2889,115,92
6/14/2021,1,7,53,2935,116,95
6/15/2021,1,7,53,2992,130,95
6/16/2021,1,7,67,3115,102,91
6/17/2021,1,7,82,3379,110,93
6/18/2021,1,7,83,2682,136,94
6/19/2021,1,7,77,2869,104,94
6/20/2021,1,7,43,3458,129,98
6/21/2021,1,7,69,3239,104,92
6/22/2021,1,7,62,3358,115,95
6/23/2021,1,7,70,3421,137,95
6/24/2021,1,7,78,3015,108,92
6/25/2021,1,7,75,3016,121,98
6/26/2021,1,7,73,3069,116,91
6/27/2021,1,7,58,3040,102,98
6/28/2021,1,7,79,2732,107,93
6/29/2021,1,7,60,3128,123,92
6/30/2021,1,7,69,3355,121,95
7/1/2021,1,7,84,3108,138,94
7/2/2021,1,7,95,3037,134,97
7/3/2021,1,7,81,3140,134,95
7/4/2021,1,7,48,2606,114,96
7/5/2021,1,7,52,3218,127,91
7/6/2021,1,7,73,3375,102,93
7/7/2021,1,7,62,3411,112,97
7/8/2021,1,7,77,2584,138,91
7/9/2021,1,7,96,3450,125,97
7/10/2021,1,7,95,3396,136,91
7/11/2021,1,7,56,2587,136,97
7/12/2021,1,7,54,2573,135,94
7/13/2021,1,7,78,2655,115,94
7/14/2021,1,7,68,3437,103,95
7/15/2021,1,7,80,3131,123,94
7/16/2021,1,7,85,3026,125,98
7/17/2021,1,7,87,3103,138,95
7/18/2021,1,7,63,2898,107,91
7/19/2021,1,7,51,3413,138,98
7/20/2021,1,7,68,2895,127,98
7/21/2021,1,7,72,3382,128,96
7/22/2021,1,7,75,2857,126,91
7/23/2021,1,7,87,3448,132,98
7/24/2021,1,7,115,2675,121,98
7/25/2021,1,7,55,3026,125,93
7/26/2021,1,7,82,2875,120,92
7/27/2021,1,7,66,2636,129,94
7/28/2021,1,7,65,2874,104,97
7/29/2021,1,7,73,3256,104,93
7/30/2021,1,7,78,3330,104,91
7/31/2021,1,7,82,3333,111,97
8/1/2021,1,7,44,2730,120,91
8/2/2021,1,7,54,3371,120,92
8/3/2021,1,7,66,2530,136,92
8/4/2021,1,7,69,2797,125,93
8/5/2021,1,7,67,2732,125,94
8/6/2021,1,7,76,2793,114,92
8/7/2021,1,7,59,2825,106,98
8/8/2021,1,7,49,2963,116,92
8/9/2021,1,7,54,2513,132,97
8/10/2021,1,7,64,2791,122,98
8/11/2021,1,7,59,3148,105,91
8/12/2021,1,7,52,3377,127,93
8/13/2021,1,7,84,2553,122,91
8/14/2021,1,7,81,3298,129,93
8/15/2021,1,7,56,3240,124,91
8/16/2021,1,7,72,3406,118,93
8/17/2021,1,7,55,2666,124,92
8/18/2021,1,7,58,2591,130,93
8/19/2021,1,7,64,3493,126,91
8/20/2021,1,7,74,3000,129,94
8/21/2021,1,7,72,3050,112,97
8/22/2021,1,7,57,2638,123,93
8/23/2021,1,7,62,3496,132,98
8/24/2021,1,7,52,3218,118,96
8/25/2021,1,7,68,2687,137,98
8/26/2021,1,7,56,3495,129,93
8/27/2021,1,7,79,3192,109,92
8/28/2021,1,7,67,2637,121,91
8/29/2021,1,7,50,3437,131,91
8/30/2021,1,7,66,2963,138,95
8/31/2021,1,7,58,3055,114,91
9/1/2021,1,7,66,2583,111,98
9/2/2021,1,7,77,3033,125,92
9/3/2021,1,7,56,2984,102,95
9/4/2021,1,7,67,3426,125,91
9/5/2021,1,7,50,3381,117,92
9/6/2021,1,7,48,2830,125,98
9/7/2021,1,7,56,2504,134,96
9/8/2021,1,7,60,2684,133,95
9/9/2021,1,7,54,3422,133,94
9/10/2021,1,7,53,3468,115,93
9/11/2021,1,7,72,2622,132,97
9/12/2021,1,7,46,2507,113,98
9/13/2021,1,7,47,3301,125,96
9/14/2021,1,7,59,3127,135,94
9/15/2021,1,7,55,3157,117,94
9/16/2021,1,7,57,3043,128,93
9/17/2021,1,7,53,3024,102,92
9/18/2021,1,7,69,2893,107,98
9/19/2021,1,7,63,2500,115,91
9/20/2021,1,7,61,2786,101,95
9/21/2021,1,7,51,3027,126,94
9/22/2021,1,7,65,2702,134,95
9/23/2021,1,7,64,3207,111,91
9/24/2021,1,7,73,3152,106,97
9/25/2021,1,7,89,3403,108,92
9/26/2021,1,7,45,3457,103,96
9/27/2021,1,7,53,3222,123,94
9/28/2021,1,7,53,2524,103,93
9/29/2021,1,7,57,2506,124,93
9/30/2021,1,7,59,2521,102,98
10/1/2021,1,7,63,2630,109,96
10/2/2021,1,7,61,2738,109,91
10/3/2021,1,7,35,3012,133,94
10/4/2021,1,7,54,2838,118,94
10/5/2021,1,7,57,2732,109,97
10/6/2021,1,7,62,2654,125,96
10/7/2021,1,7,56,3148,104,95
10/8/2021,1,7,79,3418,120,93
10/9/2021,1,7,58,3440,117,92
10/10/2021,1,7,54,3386,104,95
10/11/2021,1,7,44,3310,138,92
10/12/2021,1,7,61,3235,107,95
10/13/2021,1,7,57,2758,111,96
10/14/2021,1,7,62,3260,135,98
10/15/2021,1,7,62,2559,131,93
10/16/2021,1,7,60,3044,129,93
10/17/2021,1,7,44,2827,127,91
10/18/2021,1,7,61,2877,126,96
10/19/2021,1,7,40,3269,111,97
10/20/2021,1,7,61,3491,131,94
10/21/2021,1,7,56,3060,111,93
10/22/2021,1,7,61,3046,138,97
10/23/2021,1,7,62,2810,107,98
10/24/2021,1,7,49,3372,128,98
10/25/2021,1,7,46,3078,117,94
10/26/2021,1,7,63,2803,110,97
10/27/2021,1,7,61,3025,120,98
10/28/2021,1,7,51,3248,101,91
10/29/2021,1,7,60,2880,119,97
10/30/2021,1,7,77,2762,126,92
10/31/2021,1,7,46,2609,101,92
11/1/2021,1,7,74,2747,101,94
11/2/2021,1,7,43,2957,127,95
11/3/2021,1,7,43,3427,110,97
11/4/2021,1,7,64,3449,114,91
11/5/2021,1,7,54,3131,115,93
11/6/2021,1,7,96,2854,115,94
11/7/2021,1,7,52,2928,133,93
11/8/2021,1,7,48,3362,102,96
11/9/2021,1,7,49,3340,113,94
11/10/2021,1,7,60,2898,110,98
11/11/2021,1,7,60,2609,112,91
11/12/2021,1,7,75,3147,103,93
11/13/2021,1,7,70,2851,119,94
11/14/2021,1,7,48,3124,123,98
11/15/2021,1,7,43,2935,113,91
11/16/2021,1,7,59,2548,117,92
11/17/2021,1,7,71,2578,121,98
11/18/2021,1,7,70,3066,111,97
11/19/2021,1,7,68,3293,136,96
11/20/2021,1,7,74,3009,102,97
11/21/2021,1,7,45,3293,116,92
11/22/2021,1,7,35,2990,102,91
11/23/2021,1,7,53,3266,131,98
11/24/2021,1,7,71,3232,108,96
11/25/2021,1,7,57,3345,131,93
11/26/2021,1,7,78,2786,122,98
11/27/2021,1,7,60,2668,118,96
11/28/2021,1,7,52,2875,110,97
11/29/2021,1,7,54,2860,116,91
11/30/2021,1,7,75,2503,116,98
12/1/2021,1,7,31,3297,133,94
12/2/2021,1,7,31,3101,105,95
12/3/2021,1,7,44,2673,135,94
12/4/2021,1,7,61,3405,127,96
12/5/2021,1,7,31,2684,120,93
12/6/2021,1,7,47,2740,130,91
12/7/2021,1,7,38,2624,134,91
12/8/2021,1,7,29,3093,134,95
12/9/2021,1,7,36,3026,111,92
12/10/2021,1,7,52,3386,132,97
12/11/2021,1,7,54,3333,134,91
12/12/2021,1,7,28,3056,102,92
12/13/2021,1,7,52,3110,133,91
12/14/2021,1,7,54,2740,117,92
12/15/2021,1,7,49,3492,123,95
12/16/2021,1,7,47,3459,109,98
12/17/2021,1,7,32,3411,109,91
12/18/2021,1,7,53,2796,107,93
12/19/2021,1,7,30,2975,138,97
12/20/2021,1,7,50,2651,137,97
12/21/2021,1,7,36,3060,116,97
12/22/2021,1,7,42,2515,125,92
12/23/2021,1,7,42,3045,113,92
12/24/2021,1,7,45,2968,104,94
12/25/2021,1,7,39,2659,111,95
12/26/2021,1,7,32,2596,120,93
12/27/2021,1,7,48,2978,114,95
12/28/2021,1,7,52,3425,111,97
12/29/2021,1,7,34,3159,123,95
12/30/2021,1,7,30,2589,127,92
12/31/2021,1,7,49,3291,102,96
1/1/2022,1,7,42,2785,103,94
1/2/2022,1,7,36,2790,127,91
1/3/2022,1,7,31,2588,116,97
1/4/2022,1,7,42,2684,123,93
1/5/2022,1,7,44,2532,106,96
1/6/2022,1,7,35,2867,134,98
1/7/2022,1,7,43,3028,131,93
1/8/2022,1,7,43,2821,113,94
1/9/2022,1,7,25,2610,101,93
1/10/2022,1,7,32,3297,126,95
1/11/2022,1,7,33,3012,113,96
1/12/2022,1,7,26,2863,114,92
1/13/2022,1,7,52,3487,103,98
1/14/2022,1,7,48,3375,108,93
1/15/2022,1,7,52,2951,105,96
1/16/2022,1,7,26,2860,122,92
1/17/2022,1,7,38,2937,135,96
1/18/2022,1,7,37,2840,138,92
1/19/2022,1,7,38,3435,127,97
1/20/2022,1,7,29,3366,133,98
1/21/2022,1,7,54,2771,118,98
1/22/2022,1,7,43,2523,119,98
1/23/2022,1,7,35,3278,137,95
1/24/2022,1,7,47,2688,134,97
1/25/2022,1,7,47,2996,116,91
1/26/2022,1,7,40,3439,104,96
1/27/2022,1,7,41,3424,102,94
1/28/2022,1,7,42,2560,108,91
1/29/2022,1,7,49,3080,124,97
1/30/2022,1,7,38,2618,117,98
1/31/2022,1,7,33,3184,124,93
2/1/2022,1,7,52,2992,103,91
2/2/2022,1,7,38,3048,110,97
2/3/2022,1,7,48,2834,118,98
2/4/2022,1,7,42,3168,121,97
2/5/2022,1,7,60,3013,118,98
2/6/2022,1,7,38,3069,125,91
2/7/2022,1,7,40,3352,125,91
2/8/2022,1,7,37,2911,103,91
2/9/2022,1,7,46,2648,113,93
2/10/2022,1,7,42,2578,122,96
2/11/2022,1,7,42,3101,128,91
2/12/2022,1,7,39,2981,113,96
2/13/2022,1,7,34,3205,137,97
2/14/2022,1,7,41,2522,138,91
2/15/2022,1,7,56,2925,109,92
2/16/2022,1,7,40,2863,116,96
2/17/2022,1,7,51,2745,112,95
2/18/2022,1,7,51,2580,112,97
2/19/2022,1,7,59,2661,118,95
2/20/2022,1,7,40,2718,113,92
2/21/2022,1,7,38,2896,115,97
2/22/2022,1,7,36,3101,138,97
2/23/2022,1,7,44,3151,109,92
2/24/2022,1,7,59,2865,108,92
2/25/2022,1,7,43,2999,114,91
2/26/2022,1,7,52,2751,121,95
2/27/2022,1,7,30,2748,134,96
2/28/2022,1,7,48,3445,121,96
3/1/2022,1,7,56,2764,103,94
3/2/2022,1,7,52,2560,124,96
3/3/2022,1,7,60,2814,136,96
3/4/2022,1,7,57,3407,102,96
3/5/2022,1,7,58,3339,111,98
3/6/2022,1,7,36,2811,101,97
3/7/2022,1,7,39,3050,111,95
3/8/2022,1,7,63,2731,121,98
3/9/2022,1,7,53,3463,108,97
3/10/2022,1,7,71,2559,138,95
3/11/2022,1,7,66,3144,105,92
3/12/2022,1,7,67,3168,117,95
3/13/2022,1,7,35,2634,110,96
3/14/2022,1,7,45,2519,103,93
3/15/2022,1,7,36,2506,124,96
3/16/2022,1,7,44,3313,120,92
3/17/2022,1,7,55,3439,121,96
3/18/2022,1,7,50,2628,135,92
3/19/2022,1,7,68,2799,132,92
3/20/2022,1,7,44,3139,105,98
3/21/2022,1,7,57,3319,113,91
3/22/2022,1,7,52,2856,104,94
3/23/2022,1,7,48,2537,136,98
3/24/2022,1,7,50,2762,116,94
3/25/2022,1,7,68,2736,101,96
3/26/2022,1,7,56,2998,115,91
3/27/2022,1,7,38,3303,118,91
3/28/2022,1,7,51,2744,117,91
3/29/2022,1,7,52,2699,109,91
3/30/2022,1,7,45,3403,108,92
3/31/2022,1,7,58,3098,137,91
4/1/2022,1,7,86,3246,135,92
4/2/2022,1,7,71,2514,103,92
4/3/2022,1,7,51,3058,120,96
4/4/2022,1,7,54,3461,134,97
4/5/2022,1,7,55,3473,114,96
4/6/2022,1,7,61,2641,137,98
4/7/2022,1,7,55,3462,126,91
4/8/2022,1,7,86,2665,127,93
4/9/2022,1,7,68,2504,102,95
4/10/2022,1,7,48,3425,110,96
4/11/2022,1,7,46,3313,132,91
4/12/2022,1,7,63,2734,117,95
4/13/2022,1,7,59,3178,136,91
4/14/2022,1,7,66,3442,107,98
4/15/2022,1,7,63,3409,134,94
4/16/2022,1,7,68,3027,134,91
4/17/2022,1,7,44,2669,117,96
4/18/2022,1,7,48,2874,107,91
4/19/2022,1,7,55,2841,123,94
4/20/2022,1,7,71,2969,127,93
4/21/2022,1,7,58,2611,117,91
4/22/2022,1,7,71,3459,109,93
4/23/2022,1,7,58,2920,113,97
4/24/2022,1,7,60,2737,130,91
4/25/2022,1,7,60,3269,113,96
4/26/2022,1,7,55,2509,136,92
4/27/2022,1,7,65,3243,129,93
4/28/2022,1,7,66,3458,136,92
4/29/2022,1,7,60,3101,102,96
4/30/2022,1,7,81,2796,115,97
5/1/2022,1,7,53,2952,119,98
5/2/2022,1,7,71,3165,116,98
5/3/2022,1,7,78,2778,134,95
5/4/2022,1,7,58,3205,110,97
5/5/2022,1,7,63,3235,138,95
5/6/2022,1,7,60,2779,113,95
5/7/2022,1,7,83,3145,136,92
5/8/2022,1,7,58,2955,117,95
5/9/2022,1,7,60,3109,111,94
5/10/2022,1,7,56,2512,136,93
5/11/2022,1,7,63,2551,106,96
5/12/2022,1,7,69,2590,114,95
5/13/2022,1,7,73,2746,105,98
5/14/2022,1,7,76,2719,110,97
5/15/2022,1,7,58,2719,135,95
5/16/2022,1,7,59,3240,106,94
5/17/2022,1,7,70,2548,103,94
5/18/2022,1,7,64,2575,114,96
5/19/2022,1,7,63,2839,122,93
5/20/2022,1,7,72,2852,108,97
5/21/2022,1,7,89,2958,116,95
5/22/2022,1,7,48,3094,123,95
5/23/2022,1,7,83,3446,115,91
5/24/2022,1,7,52,2783,125,93
5/25/2022,1,7,64,2959,124,98
5/26/2022,1,7,74,2702,104,97
5/27/2022,1,7,85,3262,131,93
5/28/2022,1,7,71,2654,126,98
5/29/2022,1,7,56,2516,135,94
5/30/2022,1,7,56,2893,123,91
5/31/2022,1,7,71,3263,102,96
6/1/2022,1,7,87,3180,102,95
6/2/2022,1,7,73,3274,132,92
6/3/2022,1,7,85,3496,126,91
6/4/2022,1,7,90,3373,137,94
6/5/2022,1,7,59,2947,106,92
6/6/2022,1,7,73,2599,121,93
6/7/2022,1,7,76,2532,134,94
6/8/2022,1,7,82,3171,138,95
6/9/2022,1,7,79,3166,107,95
6/10/2022,1,7,89,3406,107,95
6/11/2022,1,7,74,2590,102,97
6/12/2022,1,7,56,2569,120,95
6/13/2022,1,7,73,3190,104,93
6/14/2022,1,7,79,3328,121,91
6/15/2022,1,7,73,3445,134,92
6/16/2022,1,7,85,2715,106,97
6/17/2022,1,7,98,3413,106,97
6/18/2022,1,7,99,3417,137,92
6/19/2022,1,7,58,3079,117,96
6/20/2022,1,7,61,2673,105,91
6/21/2022,1,7,55,2899,130,97
6/22/2022,1,7,75,2519,111,91
6/23/2022,1,7,79,2788,118,93
6/24/2022,1,7,71,2875,118,98
6/25/2022,1,7,92,2688,116,96
6/26/2022,1,7,54,2840,124,96
6/27/2022,1,7,58,2950,130,93
6/28/2022,1,7,70,3116,128,98
6/29/2022,1,7,55,2934,103,97
6/30/2022,1,7,64,2654,121,91
7/1/2022,1,7,88,3429,123,92
7/2/2022,1,7,90,3099,120,93
7/3/2022,1,7,59,2695,131,95
7/4/2022,1,7,86,3144,102,94
7/5/2022,1,7,54,2646,137,91
7/6/2022,1,7,86,3025,138,92
7/7/2022,1,7,88,3220,109,92
7/8/2022,1,7,88,2807,130,95
7/9/2022,1,7,96,2662,129,92
7/10/2022,1,7,59,2762,125,91
7/11/2022,1,7,71,2531,111,93
7/12/2022,1,7,69,2871,131,93
7/13/2022,1,7,83,2819,123,93
7/14/2022,1,7,63,2718,102,96
7/15/2022,1,7,79,2683,120,98
7/16/2022,1,7,88,2828,138,93
7/17/2022,1,7,67,2836,120,91
7/18/2022,1,7,67,2633,125,96
7/19/2022,1,7,76,3465,113,95
7/20/2022,1,7,74,2519,108,97
7/21/2022,1,7,87,2959,130,92
7/22/2022,1,7,85,3021,130,92
7/23/2022,1,7,81,2569,114,98
7/24/2022,1,7,50,3146,107,97
7/25/2022,1,7,81,3201,120,96
7/26/2022,1,7,55,2618,133,93
7/27/2022,1,7,76,2751,129,91
7/28/2022,1,7,62,3257,108,92
7/29/2022,1,7,86,2564,134,93
7/30/2022,1,7,90,3307,109,98
7/31/2022,1,7,70,2582,108,95
8/1/2022,1,7,49,2636,115,96
8/2/2022,1,7,74,3341,122,98
8/3/2022,1,7,62,2935,136,91
8/4/2022,1,7,75,2924,128,97
8/5/2022,1,7,72,2689,117,98
8/6/2022,1,7,77,3057,114,93
8/7/2022,1,7,54,3097,129,91
8/8/2022,1,7,66,2597,111,93
8/9/2022,1,7,53,3037,127,95
8/10/2022,1,7,65,2914,137,97
8/11/2022,1,7,79,2559,116,95
8/12/2022,1,7,66,2793,113,94
8/13/2022,1,7,66,3153,128,91
8/14/2022,1,7,65,3442,126,95
8/15/2022,1,7,54,2737,114,95
8/16/2022,1,7,49,2840,114,93
8/17/2022,1,7,47,3005,109,95
8/18/2022,1,7,77,2835,118,94
8/19/2022,1,7,71,2611,124,96
8/20/2022,1,7,96,2666,134,96
8/21/2022,1,7,53,3411,117,95
8/22/2022,1,7,67,3010,115,93
8/23/2022,1,7,61,2902,138,92
8/24/2022,1,7,66,3028,107,94
8/25/2022,1,7,68,2529,111,93
8/26/2022,1,7,88,3271,107,97
8/27/2022,1,7,79,3225,135,96
8/28/2022,1,7,44,3463,105,93
8/29/2022,1,7,57,2560,118,95
8/30/2022,1,7,56,2559,101,96
8/31/2022,1,7,61,3007,126,94
9/1/2022,1,7,68,2771,132,98
9/2/2022,1,7,83,2692,122,92
9/3/2022,1,7,68,2944,117,93
9/4/2022,1,7,54,3225,135,93
9/5/2022,1,7,58,2816,138,95
9/6/2022,1,7,50,3500,124,95
9/7/2022,1,7,58,3305,131,95
9/8/2022,1,7,56,3193,123,91
9/9/2022,1,7,60,2508,138,98
9/10/2022,1,7,85,3430,107,92
9/11/2022,1,7,54,3209,105,95
9/12/2022,1,7,61,3077,119,93
9/13/2022,1,7,64,2678,102,94
9/14/2022,1,7,67,3380,127,98
9/15/2022,1,7,69,3159,119,97
9/16/2022,1,7,69,3455,107,92
9/17/2022,1,7,78,3414,109,98
9/18/2022,1,7,48,3180,131,96
9/19/2022,1,7,60,3478,101,92
9/20/2022,1,7,64,3406,111,96
9/21/2022,1,7,61,3483,104,98
9/22/2022,1,7,63,3042,114,95
9/23/2022,1,7,70,3379,107,91
9/24/2022,1,7,79,3001,118,98
9/25/2022,1,7,49,2939,115,94
9/26/2022,1,7,45,2686,121,95
9/27/2022,1,7,44,2610,115,94
9/28/2022,1,7,70,2554,105,98
9/29/2022,1,7,68,3399,106,94
9/30/2022,1,7,80,3041,131,91
10/1/2022,1,7,70,3445,105,93
10/2/2022,1,7,44,3037,110,94
10/3/2022,1,7,51,3304,105,93
10/4/2022,1,7,55,2943,131,98
10/5/2022,1,7,47,3424,138,94
10/6/2022,1,7,46,2704,101,93
10/7/2022,1,7,72,2647,105,96
10/8/2022,1,7,77,3464,131,93
10/9/2022,1,7,40,3289,118,94
10/10/2022,1,7,47,3306,120,95
10/11/2022,1,7,52,2716,101,93
10/12/2022,1,7,55,3289,137,97
10/13/2022,1,7,51,3395,124,92
10/14/2022,1,7,65,3018,121,93
10/15/2022,1,7,63,2944,130,95
10/16/2022,1,7,55,3077,113,95
10/17/2022,1,7,68,2774,108,92
10/18/2022,1,7,44,3235,132,94
10/19/2022,1,7,62,3456,122,92
10/20/2022,1,7,70,2564,103,96
10/21/2022,1,7,70,2891,128,94
10/22/2022,1,7,72,2850,116,93
10/23/2022,1,7,57,3168,104,92
10/24/2022,1,7,62,2541,133,98
10/25/2022,1,7,50,2535,128,98
10/26/2022,1,7,61,2541,137,95
10/27/2022,1,7,63,3464,113,96
10/28/2022,1,7,74,2795,124,95
10/29/2022,1,7,78,3325,123,95
10/30/2022,1,7,43,3249,132,96
10/31/2022,1,7,59,2841,135,93
11/1/2022,1,7,47,2718,134,96
11/2/2022,1,7,52,3224,114,95
11/3/2022,1,7,80,3176,103,97
11/4/2022,1,7,58,3136,103,92
11/5/2022,1,7,79,2966,121,95
11/6/2022,1,7,54,2879,134,98
11/7/2022,1,7,58,2525,122,97
11/8/2022,1,7,66,3312,137,97
11/9/2022,1,7,60,2903,110,91
11/10/2022,1,7,56,2823,118,92
11/11/2022,1,7,56,2972,106,94
11/12/2022,1,7,62,3229,110,93
11/13/2022,1,7,57,2773,106,95
11/14/2022,1,7,64,2918,115,93
11/15/2022,1,7,58,3148,109,97
11/16/2022,1,7,69,2860,105,92
11/17/2022,1,7,58,3065,128,92
11/18/2022,1,7,62,3385,111,94
11/19/2022,1,7,81,3055,124,91
11/20/2022,1,7,41,3034,118,93
11/21/2022,1,7,62,2787,128,91
11/22/2022,1,7,71,2909,130,98
11/23/2022,1,7,59,2693,116,96
11/24/2022,1,7,68,3298,119,98
11/25/2022,1,7,73,3473,127,96
11/26/2022,1,7,81,3358,113,98
11/27/2022,1,7,50,3418,131,92
11/28/2022,1,7,53,3419,131,91
11/29/2022,1,7,61,3221,136,91
11/30/2022,1,7,61,3337,136,93
12/1/2022,1,7,54,3453,109,97
12/2/2022,1,7,40,3391,120,97
12/3/2022,1,7,46,3338,114,97
12/4/2022,1,7,41,3105,127,96
12/5/2022,1,7,35,2676,122,95
12/6/2022,1,7,43,3303,138,93
12/7/2022,1,7,43,3039,122,91
12/8/2022,1,7,55,2692,118,95
12/9/2022,1,7,59,3152,105,96
12/10/2022,1,7,50,2619,130,98
12/11/2022,1,7,39,2631,120,92
12/12/2022,1,7,34,3181,101,92
12/13/2022,1,7,36,3126,112,97
12/14/2022,1,7,51,2888,103,93
12/15/2022,1,7,34,2842,131,97
12/16/2022,1,7,47,2578,107,97
12/17/2022,1,7,49,3179,133,98
12/18/2022,1,7,27,2752,134,95
12/19/2022,1,7,44,3042,121,95
12/20/2022,1,7,37,2559,128,98
12/21/2022,1,7,55,2773,103,91
12/22/2022,1,7,39,3070,104,95
12/23/2022,1,7,53,2852,128,93
12/24/2022,1,7,45,3432,136,96
12/25/2022,1,7,27,2713,125,95
12/26/2022,1,7,51,2845,120,96
12/27/2022,1,7,45,2618,117,98
12/28/2022,1,7,36,3261,111,94
12/29/2022,1,7,57,3230,132,91
12/30/2022,1,7,60,3080,137,97
12/31/2022,1,7,55,3130,127,94
1/1/2018,2,7,39,2851,102,91
1/2/2018,2,7,47,3137,121,95
1/3/2018,2,7,43,3017,133,95
1/4/2018,2,7,44,3333,126,97
1/5/2018,2,7,55,2663,116,91
1/6/2018,2,7,46,3068,102,92
1/7/2018,2,7,36,3463,106,98
1/8/2018,2,7,42,2503,117,94
1/9/2018,2,7,49,2954,123,98
1/10/2018,2,7,53,2921,113,93
1/11/2018,2,7,46,2999,117,95
1/12/2018,2,7,45,2761,112,97
1/13/2018,2,7,54,2964,113,98
1/14/2018,2,7,38,3448,108,96
1/15/2018,2,7,41,3426,119,94
1/16/2018,2,7,45,3396,108,98
1/17/2018,2,7,39,2686,131,96
1/18/2018,2,7,48,2709,130,97
1/19/2018,2,7,48,2565,114,93
1/20/2018,2,7,47,2563,120,91
1/21/2018,2,7,52,2616,103,97
1/22/2018,2,7,40,3220,102,96
1/23/2018,2,7,42,3313,119,93
1/24/2018,2,7,30,3163,121,97
1/25/2018,2,7,46,3127,109,93
1/26/2018,2,7,45,3421,110,95
1/27/2018,2,7,41,3184,130,97
1/28/2018,2,7,35,3185,128,96
1/29/2018,2,7,49,2547,136,93
1/30/2018,2,7,38,2578,124,95
1/31/2018,2,7,40,2963,107,94
2/1/2018,2,7,45,3366,135,97
2/2/2018,2,7,61,2677,112,98
2/3/2018,2,7,50,3163,106,91
2/4/2018,2,7,39,2876,132,92
2/5/2018,2,7,44,3388,116,91
2/6/2018,2,7,54,2836,134,91
2/7/2018,2,7,45,2875,138,94
2/8/2018,2,7,54,2639,135,95
2/9/2018,2,7,66,3242,110,95
2/10/2018,2,7,53,2571,138,98
2/11/2018,2,7,32,2640,116,94
2/12/2018,2,7,39,3218,135,91
2/13/2018,2,7,47,3114,105,92
2/14/2018,2,7,38,2985,116,98
2/15/2018,2,7,48,3379,112,95
2/16/2018,2,7,69,2755,113,98
2/17/2018,2,7,59,2966,114,95
2/18/2018,2,7,51,2945,115,91
2/19/2018,2,7,41,2625,114,93
2/20/2018,2,7,38,3089,129,91
2/21/2018,2,7,47,2674,138,97
2/22/2018,2,7,56,2693,134,92
2/23/2018,2,7,50,2579,118,94
2/24/2018,2,7,42,2892,123,94
2/25/2018,2,7,32,3172,101,97
2/26/2018,2,7,51,2765,114,95
2/27/2018,2,7,37,2870,105,95
2/28/2018,2,7,48,2628,101,98
3/1/2018,2,7,48,2582,116,94
3/2/2018,2,7,70,2714,108,95
3/3/2018,2,7,70,3399,121,98
3/4/2018,2,7,48,3243,133,92
3/5/2018,2,7,51,3159,133,92
3/6/2018,2,7,42,3366,106,97
3/7/2018,2,7,60,2864,110,94
3/8/2018,2,7,49,2849,129,95
3/9/2018,2,7,70,2815,104,96
3/10/2018,2,7,69,2825,136,94
3/11/2018,2,7,45,2777,107,93
3/12/2018,2,7,46,2946,111,94
3/13/2018,2,7,47,3380,125,96
3/14/2018,2,7,67,2934,134,96
3/15/2018,2,7,56,2582,114,91
3/16/2018,2,7,56,3330,114,96
3/17/2018,2,7,71,3452,114,91
3/18/2018,2,7,39,3254,122,96
3/19/2018,2,7,57,2762,129,95
3/20/2018,2,7,55,2968,120,92
3/21/2018,2,7,56,3257,128,98
3/22/2018,2,7,67,2632,137,94
3/23/2018,2,7,58,3055,120,94
3/24/2018,2,7,56,3450,118,94
3/25/2018,2,7,45,2883,123,91
3/26/2018,2,7,58,2625,107,91
3/27/2018,2,7,49,3422,123,97
3/28/2018,2,7,62,3163,122,97
3/29/2018,2,7,60,2866,112,97
3/30/2018,2,7,70,2636,120,97
3/31/2018,2,7,78,3396,105,96
4/1/2018,2,7,66,2585,137,93
4/2/2018,2,7,63,3381,120,98
4/3/2018,2,7,48,3128,123,97
4/4/2018,2,7,65,3159,131,92
4/5/2018,2,7,84,3060,121,92
4/6/2018,2,7,78,3030,127,94
4/7/2018,2,7,71,2909,101,94
4/8/2018,2,7,49,3332,129,97
4/9/2018,2,7,69,2590,113,91
4/10/2018,2,7,68,3381,106,94
4/11/2018,2,7,55,3235,104,96
4/12/2018,2,7,57,2944,132,93
4/13/2018,2,7,74,3287,135,97
4/14/2018,2,7,85,2722,103,98
4/15/2018,2,7,51,2969,110,97
4/16/2018,2,7,78,2923,138,94
4/17/2018,2,7,61,2728,104,95
4/18/2018,2,7,64,2694,115,91
4/19/2018,2,7,72,3030,110,96
4/20/2018,2,7,62,3468,124,93
4/21/2018,2,7,67,2643,119,94
4/22/2018,2,7,55,3040,102,92
4/23/2018,2,7,63,2874,128,97
4/24/2018,2,7,61,2847,120,97
4/25/2018,2,7,59,2628,103,98
4/26/2018,2,7,77,3381,112,91
4/27/2018,2,7,76,3317,135,92
4/28/2018,2,7,73,2781,115,98
4/29/2018,2,7,55,2972,127,94
4/30/2018,2,7,51,2751,126,97
5/1/2018,2,7,74,3358,102,96
5/2/2018,2,7,66,3428,102,91
5/3/2018,2,7,88,2845,118,97
5/4/2018,2,7,103,3167,113,92
5/5/2018,2,7,80,2683,108,96
5/6/2018,2,7,52,2923,118,93
5/7/2018,2,7,73,3352,110,97
5/8/2018,2,7,75,3106,114,92
5/9/2018,2,7,67,2743,116,96
5/10/2018,2,7,87,2842,126,91
5/11/2018,2,7,93,2696,131,96
5/12/2018,2,7,79,2968,136,97
5/13/2018,2,7,66,3151,137,95
5/14/2018,2,7,59,3379,105,97
5/15/2018,2,7,64,2905,101,93
5/16/2018,2,7,85,3138,119,94
5/17/2018,2,7,66,2906,102,96
5/18/2018,2,7,72,3480,133,96
5/19/2018,2,7,96,2896,120,91
5/20/2018,2,7,66,3079,133,96
5/21/2018,2,7,69,2526,106,94
5/22/2018,2,7,85,2524,102,92
5/23/2018,2,7,67,3113,109,91
5/24/2018,2,7,61,3447,121,95
5/25/2018,2,7,84,2731,138,98
5/26/2018,2,7,93,3264,134,95
5/27/2018,2,7,67,2513,131,93
5/28/2018,2,7,65,3307,112,96
5/29/2018,2,7,57,2526,115,93
5/30/2018,2,7,72,2912,112,95
5/31/2018,2,7,69,3264,103,95
6/1/2018,2,7,79,3039,132,94
6/2/2018,2,7,88,3331,118,98
6/3/2018,2,7,70,2678,136,97
6/4/2018,2,7,74,2955,107,93
6/5/2018,2,7,82,3395,105,98
6/6/2018,2,7,79,3389,134,93
6/7/2018,2,7,77,2773,112,92
6/8/2018,2,7,70,2972,114,91
6/9/2018,2,7,90,2678,121,97
6/10/2018,2,7,54,3317,136,97
6/11/2018,2,7,76,2595,133,98
6/12/2018,2,7,76,3191,118,95
6/13/2018,2,7,79,3171,116,91
6/14/2018,2,7,91,2684,121,96
6/15/2018,2,7,74,3041,111,96
6/16/2018,2,7,94,3177,134,92
6/17/2018,2,7,62,3003,106,96
6/18/2018,2,7,60,3042,105,94
6/19/2018,2,7,54,2898,131,96
6/20/2018,2,7,80,2747,113,98
6/21/2018,2,7,72,3070,113,97
6/22/2018,2,7,96,3216,115,98
6/23/2018,2,7,85,2790,108,91
6/24/2018,2,7,62,2618,123,94
6/25/2018,2,7,64,2921,109,92
6/26/2018,2,7,78,3018,132,98
6/27/2018,2,7,83,3257,127,95
6/28/2018,2,7,74,2618,127,95
6/29/2018,2,7,93,3129,104,97
6/30/2018,2,7,100,2686,121,94
7/1/2018,2,7,62,2574,126,92
7/2/2018,2,7,66,3268,127,95
7/3/2018,2,7,66,3338,116,91
7/4/2018,2,7,75,2948,123,97
7/5/2018,2,7,72,3458,129,93
7/6/2018,2,7,93,3322,104,93
7/7/2018,2,7,99,3421,118,94
7/8/2018,2,7,58,3023,135,97
7/9/2018,2,7,67,2562,126,94
7/10/2018,2,7,86,3177,116,95
7/11/2018,2,7,85,3408,106,91
7/12/2018,2,7,98,2961,102,92
7/13/2018,2,7,97,3431,136,95
7/14/2018,2,7,89,3055,131,95
7/15/2018,2,7,60,3257,102,92
7/16/2018,2,7,84,3137,107,92
7/17/2018,2,7,68,2608,127,95
7/18/2018,2,7,77,2976,103,91
7/19/2018,2,7,93,3320,117,95
7/20/2018,2,7,97,2786,122,97
7/21/2018,2,7,112,3085,115,95
7/22/2018,2,7,66,2849,122,93
7/23/2018,2,7,63,3454,110,97
7/24/2018,2,7,82,2762,129,91
7/25/2018,2,7,88,2511,118,96
7/26/2018,2,7,74,2679,131,94
7/27/2018,2,7,88,3083,111,95
7/28/2018,2,7,101,3140,121,94
7/29/2018,2,7,61,2670,114,98
7/30/2018,2,7,93,2948,102,94
7/31/2018,2,7,81,2558,103,95
8/1/2018,2,7,64,3184,126,94
8/2/2018,2,7,71,3233,118,92
8/3/2018,2,7,84,3460,104,92
8/4/2018,2,7,90,3398,108,94
8/5/2018,2,7,42,3089,114,94
8/6/2018,2,7,55,2546,115,91
8/7/2018,2,7,54,2995,112,95
8/8/2018,2,7,67,3482,135,93
8/9/2018,2,7,88,3247,135,98
8/10/2018,2,7,73,3132,101,96
8/11/2018,2,7,91,3203,137,92
8/12/2018,2,7,54,3105,130,96
8/13/2018,2,7,69,3301,118,96
8/14/2018,2,7,58,3348,137,94
8/15/2018,2,7,50,3231,117,91
8/16/2018,2,7,75,3443,106,96
8/17/2018,2,7,76,2981,113,98
8/18/2018,2,7,87,2615,135,96
8/19/2018,2,7,63,3293,101,93
8/20/2018,2,7,74,3168,125,94
8/21/2018,2,7,67,3323,125,91
8/22/2018,2,7,60,2922,104,98
8/23/2018,2,7,67,2697,125,96
8/24/2018,2,7,87,3210,123,95
8/25/2018,2,7,97,3190,127,92
8/26/2018,2,7,62,3342,104,93
8/27/2018,2,7,60,2752,118,94
8/28/2018,2,7,70,3395,111,91
8/29/2018,2,7,67,2598,132,94
8/30/2018,2,7,79,3016,119,96
8/31/2018,2,7,74,2515,118,94
9/1/2018,2,7,79,2964,131,92
9/2/2018,2,7,51,3242,130,96
9/3/2018,2,7,61,3333,126,91
9/4/2018,2,7,71,2966,101,91
9/5/2018,2,7,71,3376,112,97
9/6/2018,2,7,71,2958,129,91
9/7/2018,2,7,79,2543,138,91
9/8/2018,2,7,81,3197,108,93
9/9/2018,2,7,51,3285,136,91
9/10/2018,2,7,60,2951,101,91
9/11/2018,2,7,58,2659,132,91
9/12/2018,2,7,61,2651,111,94
9/13/2018,2,7,65,2680,119,98
9/14/2018,2,7,74,3449,103,98
9/15/2018,2,7,62,2908,109,91
9/16/2018,2,7,52,3233,115,97
9/17/2018,2,7,53,3050,121,97
9/18/2018,2,7,59,2952,103,95
9/19/2018,2,7,50,2905,130,98
9/20/2018,2,7,68,3260,105,91
9/21/2018,2,7,71,3381,123,96
9/22/2018,2,7,82,3280,126,98
9/23/2018,2,7,54,3295,119,97
9/24/2018,2,7,59,3133,101,96
9/25/2018,2,7,84,3299,111,91
9/26/2018,2,7,73,3477,104,93
9/27/2018,2,7,66,2831,126,96
9/28/2018,2,7,80,3195,101,95
9/29/2018,2,7,70,2652,107,97
9/30/2018,2,7,46,3256,125,97
10/1/2018,2,7,63,3047,124,96
10/2/2018,2,7,60,3395,101,95
10/3/2018,2,7,66,3229,123,97
10/4/2018,2,7,68,2879,132,95
10/5/2018,2,7,71,3086,101,95
10/6/2018,2,7,65,3081,102,96
10/7/2018,2,7,40,3213,123,93
10/8/2018,2,7,50,3245,131,93
10/9/2018,2,7,61,2503,126,94
10/10/2018,2,7,59,2658,133,93
10/11/2018,2,7,67,2639,101,97
10/12/2018,2,7,81,2864,124,91
10/13/2018,2,7,72,3441,119,98
10/14/2018,2,7,46,2652,118,97
10/15/2018,2,7,58,3440,134,96
10/16/2018,2,7,67,2797,112,91
10/17/2018,2,7,57,2583,109,96
10/18/2018,2,7,64,3148,114,96
10/19/2018,2,7,62,2503,126,98
10/20/2018,2,7,76,3259,120,97
10/21/2018,2,7,37,2724,137,92
10/22/2018,2,7,59,3160,119,91
10/23/2018,2,7,55,3104,137,96
10/24/2018,2,7,70,2506,104,98
10/25/2018,2,7,74,3484,101,93
10/26/2018,2,7,73,3306,133,95
10/27/2018,2,7,56,2991,120,97
10/28/2018,2,7,50,2629,107,95
10/29/2018,2,7,49,2926,123,96
10/30/2018,2,7,54,3328,127,92
10/31/2018,2,7,71,3064,124,93
11/1/2018,2,7,52,2636,136,97
11/2/2018,2,7,55,3209,136,91
11/3/2018,2,7,62,3012,107,91
11/4/2018,2,7,46,2636,125,98
11/5/2018,2,7,51,3316,134,94
11/6/2018,2,7,74,3043,107,91
11/7/2018,2,7,73,3031,125,96
11/8/2018,2,7,69,2947,128,92
11/9/2018,2,7,89,3249,119,93
11/10/2018,2,7,80,2908,116,92
11/11/2018,2,7,59,2623,134,96
11/12/2018,2,7,55,2602,132,97
11/13/2018,2,7,67,2769,136,95
11/14/2018,2,7,61,2548,138,93
11/15/2018,2,7,66,3308,134,98
11/16/2018,2,7,86,2612,107,97
11/17/2018,2,7,99,3286,122,91
11/18/2018,2,7,65,2596,114,92
11/19/2018,2,7,67,3483,136,91
11/20/2018,2,7,63,3229,125,94
11/21/2018,2,7,75,3018,110,91
11/22/2018,2,7,67,3363,128,97
11/23/2018,2,7,76,3460,110,96
11/24/2018,2,7,68,2649,115,98
11/25/2018,2,7,58,3333,120,98
11/26/2018,2,7,63,2623,137,92
11/27/2018,2,7,54,3015,106,93
11/28/2018,2,7,62,3395,131,98
11/29/2018,2,7,71,3113,115,96
11/30/2018,2,7,68,2679,102,92
12/1/2018,2,7,42,3397,119,97
12/2/2018,2,7,29,2708,101,94
12/3/2018,2,7,42,3419,111,96
12/4/2018,2,7,35,2802,122,92
12/5/2018,2,7,46,3391,126,93
12/6/2018,2,7,39,2997,113,94
12/7/2018,2,7,56,3196,101,93
12/8/2018,2,7,49,3393,129,92
12/9/2018,2,7,35,2936,121,98
12/10/2018,2,7,46,3214,131,96
12/11/2018,2,7,46,2793,132,97
12/12/2018,2,7,40,2919,119,98
12/13/2018,2,7,44,3313,103,97
12/14/2018,2,7,60,3160,118,97
12/15/2018,2,7,45,2706,121,92
12/16/2018,2,7,43,2943,107,91
12/17/2018,2,7,39,3242,108,91
12/18/2018,2,7,44,2642,118,97
12/19/2018,2,7,45,3370,126,96
12/20/2018,2,7,52,3101,124,92
12/21/2018,2,7,49,2613,137,98
12/22/2018,2,7,52,3096,118,91
12/23/2018,2,7,48,3058,122,91
12/24/2018,2,7,41,3129,104,98
12/25/2018,2,7,53,3133,118,94
12/26/2018,2,7,47,3273,103,92
12/27/2018,2,7,48,2980,128,91
12/28/2018,2,7,61,3182,110,94
12/29/2018,2,7,51,3065,101,95
12/30/2018,2,7,43,3420,130,98
12/31/2018,2,7,30,3140,114,91
1/1/2019,2,7,48,2737,133,92
1/2/2019,2,7,50,2786,109,98
1/3/2019,2,7,35,2549,123,95
1/4/2019,2,7,50,3441,102,96
1/5/2019,2,7,64,3083,112,96
1/6/2019,2,7,36,3161,113,91
1/7/2019,2,7,46,3479,111,98
1/8/2019,2,7,59,3434,117,91
1/9/2019,2,7,52,3208,110,92
1/10/2019,2,7,49,2974,115,98
1/11/2019,2,7,58,2852,118,98
1/12/2019,2,7,55,3020,123,96
1/13/2019,2,7,43,2941,107,93
1/14/2019,2,7,37,3394,130,93
1/15/2019,2,7,37,2779,117,95
1/16/2019,2,7,47,2849,109,92
1/17/2019,2,7,43,3407,115,91
1/18/2019,2,7,57,2733,128,92
1/19/2019,2,7,61,2793,116,95
1/20/2019,2,7,39,3241,120,93
1/21/2019,2,7,40,3488,105,93
1/22/2019,2,7,48,2788,113,97
1/23/2019,2,7,42,2815,112,98
1/24/2019,2,7,56,3232,138,94
1/25/2019,2,7,66,2890,123,95
1/26/2019,2,7,58,2670,120,96
1/27/2019,2,7,46,2876,128,96
1/28/2019,2,7,51,3315,117,94
1/29/2019,2,7,43,3136,138,95
1/30/2019,2,7,66,3203,110,97
1/31/2019,2,7,66,2699,118,92
2/1/2019,2,7,54,3179,113,91
2/2/2019,2,7,61,3321,131,93
2/3/2019,2,7,41,3201,105,95
2/4/2019,2,7,45,3157,126,92
2/5/2019,2,7,57,3467,101,93
2/6/2019,2,7,49,2787,123,98
2/7/2019,2,7,60,2838,137,94
2/8/2019,2,7,67,2717,118,98
2/9/2019,2,7,71,2882,125,92
2/10/2019,2,7,38,2519,122,94
2/11/2019,2,7,50,3336,105,92
2/12/2019,2,7,44,3328,115,94
2/13/2019,2,7,64,3476,124,94
2/14/2019,2,7,50,2771,130,98
2/15/2019,2,7,48,2739,107,94
2/16/2019,2,7,59,3389,131,98
2/17/2019,2,7,47,3323,105,93
2/18/2019,2,7,55,2856,117,98
2/19/2019,2,7,43,3251,104,96
2/20/2019,2,7,49,2862,131,95
2/21/2019,2,7,56,3107,137,96
2/22/2019,2,7,61,3498,122,97
2/23/2019,2,7,69,3406,130,91
2/24/2019,2,7,28,3123,128,98
2/25/2019,2,7,48,3166,106,92
2/26/2019,2,7,54,3162,116,92
2/27/2019,2,7,48,3497,105,94
2/28/2019,2,7,62,2740,104,92
3/1/2019,2,7,74,3224,124,91
3/2/2019,2,7,88,3139,103,97
3/3/2019,2,7,49,3182,116,94
3/4/2019,2,7,71,2550,109,92
3/5/2019,2,7,61,2576,115,96
3/6/2019,2,7,62,3110,113,96
3/7/2019,2,7,55,2775,106,97
3/8/2019,2,7,56,2641,113,96
3/9/2019,2,7,73,3468,110,98
3/10/2019,2,7,41,3258,112,92
3/11/2019,2,7,59,2850,103,96
3/12/2019,2,7,53,3463,117,93
3/13/2019,2,7,70,2773,138,97
3/14/2019,2,7,90,3428,132,94
3/15/2019,2,7,70,3231,137,91
3/16/2019,2,7,84,2514,116,97
3/17/2019,2,7,58,2761,110,92
3/18/2019,2,7,66,2750,131,96
3/19/2019,2,7,54,3301,127,94
3/20/2019,2,7,66,3169,124,94
3/21/2019,2,7,81,2975,126,96
3/22/2019,2,7,77,3299,117,97
3/23/2019,2,7,88,2655,138,98
3/24/2019,2,7,49,2714,121,96
3/25/2019,2,7,50,3093,131,92
3/26/2019,2,7,63,3086,116,97
3/27/2019,2,7,74,3168,134,94
3/28/2019,2,7,63,2696,107,91
3/29/2019,2,7,74,2613,138,98
3/30/2019,2,7,74,3393,112,92
3/31/2019,2,7,51,2684,126,95
4/1/2019,2,7,61,2544,121,94
4/2/2019,2,7,68,2633,131,93
4/3/2019,2,7,87,3100,108,93
4/4/2019,2,7,69,2782,126,93
4/5/2019,2,7,79,2769,124,97
4/6/2019,2,7,87,2689,112,96
4/7/2019,2,7,84,2888,128,91
4/8/2019,2,7,78,2641,126,92
4/9/2019,2,7,87,3282,131,93
4/10/2019,2,7,87,2575,129,95
4/11/2019,2,7,89,3486,135,96
4/12/2019,2,7,87,3342,136,92
4/13/2019,2,7,92,2845,137,95
4/14/2019,2,7,66,3034,132,92
4/15/2019,2,7,66,2822,116,93
4/16/2019,2,7,75,2816,115,97
4/17/2019,2,7,93,3394,126,98
4/18/2019,2,7,75,3274,124,93
4/19/2019,2,7,84,3488,103,94
4/20/2019,2,7,92,2622,107,95
4/21/2019,2,7,47,2610,133,96
4/22/2019,2,7,76,2836,131,93
4/23/2019,2,7,62,3320,133,94
4/24/2019,2,7,76,3297,107,95
4/25/2019,2,7,75,3159,137,91
4/26/2019,2,7,99,2750,111,93
4/27/2019,2,7,80,2700,128,96
4/28/2019,2,7,54,3045,133,91
4/29/2019,2,7,68,2574,134,91
4/30/2019,2,7,66,3054,126,94
5/1/2019,2,7,83,2833,122,96
5/2/2019,2,7,82,2518,127,92
5/3/2019,2,7,80,3356,124,91
5/4/2019,2,7,93,3476,125,95
5/5/2019,2,7,65,2882,117,97
5/6/2019,2,7,87,2765,125,96
5/7/2019,2,7,71,2784,112,97
5/8/2019,2,7,90,2672,112,97
5/9/2019,2,7,83,3475,103,95
5/10/2019,2,7,97,2982,119,96
5/11/2019,2,7,97,2802,131,94
5/12/2019,2,7,59,3307,131,94
5/13/2019,2,7,67,3417,108,96
5/14/2019,2,7,73,3089,119,91
5/15/2019,2,7,102,3075,122,91
5/16/2019,2,7,87,3034,129,93
5/17/2019,2,7,85,2596,127,98
5/18/2019,2,7,83,2717,136,98
5/19/2019,2,7,61,2957,104,98
5/20/2019,2,7,89,2938,119,91
5/21/2019,2,7,95,2704,138,96
5/22/2019,2,7,73,3132,121,98
5/23/2019,2,7,83,3478,117,93
5/24/2019,2,7,79,3325,107,92
5/25/2019,2,7,106,2598,125,92
5/26/2019,2,7,53,3268,120,91
5/27/2019,2,7,81,3321,133,91
5/28/2019,2,7,84,2950,111,94
5/29/2019,2,7,72,2985,131,94
5/30/2019,2,7,93,3003,128,92
5/31/2019,2,7,112,2637,130,91
6/1/2019,2,7,102,3363,138,91
6/2/2019,2,7,73,3122,115,96
6/3/2019,2,7,79,3240,117,92
6/4/2019,2,7,77,3318,128,94
6/5/2019,2,7,88,2613,125,97
6/6/2019,2,7,106,2843,135,94
6/7/2019,2,7,112,3210,138,93
6/8/2019,2,7,103,2936,128,93
6/9/2019,2,7,57,2712,101,96
6/10/2019,2,7,66,2874,109,93
6/11/2019,2,7,85,2837,133,91
6/12/2019,2,7,82,3017,119,94
6/13/2019,2,7,71,3096,109,95
6/14/2019,2,7,120,3066,126,96
6/15/2019,2,7,101,2842,115,92
6/16/2019,2,7,55,3087,132,93
6/17/2019,2,7,86,2976,138,93
6/18/2019,2,7,92,3066,134,91
6/19/2019,2,7,86,3389,117,94
6/20/2019,2,7,99,3341,107,94
6/21/2019,2,7,103,2870,114,97
6/22/2019,2,7,98,2625,130,92
6/23/2019,2,7,64,2841,115,94
6/24/2019,2,7,74,3191,128,96
6/25/2019,2,7,72,3198,107,95
6/26/2019,2,7,68,3277,130,95
6/27/2019,2,7,101,2507,109,98
6/28/2019,2,7,98,2676,133,92
6/29/2019,2,7,92,3008,105,96
6/30/2019,2,7,56,3440,121,95
7/1/2019,2,7,90,2560,116,91
7/2/2019,2,7,94,3228,135,94
7/3/2019,2,7,83,2885,130,95
7/4/2019,2,7,98,2576,135,93
7/5/2019,2,7,88,3007,120,97
7/6/2019,2,7,102,3310,130,93
7/7/2019,2,7,66,3441,113,94
7/8/2019,2,7,72,3166,102,94
7/9/2019,2,7,70,3149,103,91
7/10/2019,2,7,107,2859,118,96
7/11/2019,2,7,105,2588,122,92
7/12/2019,2,7,89,3028,137,92
7/13/2019,2,7,92,2811,114,94
7/14/2019,2,7,65,2890,117,92
7/15/2019,2,7,88,2602,131,93
7/16/2019,2,7,87,2800,120,98
7/17/2019,2,7,94,3193,115,91
7/18/2019,2,7,90,3394,111,94
7/19/2019,2,7,96,3168,125,94
7/20/2019,2,7,102,3411,102,94
7/21/2019,2,7,54,3223,103,92
7/22/2019,2,7,86,3404,109,97
7/23/2019,2,7,100,3244,134,93
7/24/2019,2,7,98,2877,132,96
7/25/2019,2,7,112,3010,106,91
7/26/2019,2,7,110,2988,129,97
7/27/2019,2,7,123,3040,131,95
7/28/2019,2,7,68,3206,104,94
7/29/2019,2,7,86,3411,131,97
7/30/2019,2,7,84,2872,131,96
7/31/2019,2,7,84,3267,110,91
8/1/2019,2,7,98,3491,110,96
8/2/2019,2,7,110,3496,136,96
8/3/2019,2,7,105,2741,117,92
8/4/2019,2,7,65,2673,110,92
8/5/2019,2,7,79,2654,128,95
8/6/2019,2,7,79,3052,127,98
8/7/2019,2,7,75,2667,103,98
8/8/2019,2,7,98,3012,110,92
8/9/2019,2,7,86,3132,108,95
8/10/2019,2,7,97,3239,137,95
8/11/2019,2,7,58,3193,135,97
8/12/2019,2,7,71,2833,134,98
8/13/2019,2,7,67,3061,103,96
8/14/2019,2,7,73,3276,114,92
8/15/2019,2,7,84,3358,126,92
8/16/2019,2,7,91,2978,104,96
8/17/2019,2,7,100,3364,101,95
8/18/2019,2,7,54,3498,138,91
8/19/2019,2,7,85,2948,135,95
8/20/2019,2,7,83,3283,135,96
8/21/2019,2,7,84,3092,124,95
8/22/2019,2,7,80,2880,103,97
8/23/2019,2,7,102,2809,117,91
8/24/2019,2,7,93,2771,111,93
8/25/2019,2,7,58,2766,102,93
8/26/2019,2,7,71,3293,109,95
8/27/2019,2,7,68,3273,127,94
8/28/2019,2,7,95,2696,128,95
8/29/2019,2,7,98,3444,101,98
8/30/2019,2,7,99,3293,101,98
8/31/2019,2,7,100,2771,106,94
9/1/2019,2,7,62,3001,129,95
9/2/2019,2,7,69,2684,112,94
9/3/2019,2,7,70,3487,108,91
9/4/2019,2,7,61,2631,113,95
9/5/2019,2,7,75,2828,134,93
9/6/2019,2,7,85,2627,121,92
9/7/2019,2,7,92,3185,104,94
9/8/2019,2,7,51,2725,124,95
9/9/2019,2,7,80,3320,111,94
9/10/2019,2,7,72,3132,102,97
9/11/2019,2,7,67,3213,108,95
9/12/2019,2,7,76,2788,131,94
9/13/2019,2,7,83,2518,137,93
9/14/2019,2,7,97,3406,120,98
9/15/2019,2,7,60,3486,127,96
9/16/2019,2,7,79,3073,110,94
9/17/2019,2,7,78,2509,116,97
9/18/2019,2,7,77,2691,138,97
9/19/2019,2,7,77,3303,105,98
9/20/2019,2,7,86,2804,125,91
9/21/2019,2,7,87,2672,115,97
9/22/2019,2,7,62,3076,138,98
9/23/2019,2,7,70,3379,105,95
9/24/2019,2,7,60,2899,123,91
9/25/2019,2,7,62,2864,116,98
9/26/2019,2,7,68,3103,123,96
9/27/2019,2,7,74,3238,103,97
9/28/2019,2,7,93,2693,138,94
9/29/2019,2,7,68,2621,108,97
9/30/2019,2,7,76,3095,124,94
10/1/2019,2,7,70,2618,107,96
10/2/2019,2,7,74,2595,137,92
10/3/2019,2,7,82,3290,134,95
10/4/2019,2,7,77,2885,102,96
10/5/2019,2,7,72,2579,137,92
10/6/2019,2,7,45,3379,110,91
10/7/2019,2,7,52,2626,116,97
10/8/2019,2,7,54,3246,113,98
10/9/2019,2,7,69,3497,134,94
10/10/2019,2,7,76,2937,125,92
10/11/2019,2,7,77,3233,101,91
10/12/2019,2,7,96,3106,102,92
10/13/2019,2,7,79,3441,118,94
10/14/2019,2,7,65,2821,112,92
10/15/2019,2,7,62,3457,116,96
10/16/2019,2,7,66,3463,116,97
10/17/2019,2,7,89,3174,118,93
10/18/2019,2,7,80,3400,123,97
10/19/2019,2,7,68,2758,138,95
10/20/2019,2,7,48,3060,109,96
10/21/2019,2,7,75,2673,131,91
10/22/2019,2,7,72,3289,117,94
10/23/2019,2,7,87,3320,134,94
10/24/2019,2,7,76,2686,104,94
10/25/2019,2,7,77,3239,131,96
10/26/2019,2,7,61,3151,116,93
10/27/2019,2,7,58,2829,121,93
10/28/2019,2,7,52,2791,111,96
10/29/2019,2,7,51,3476,117,94
10/30/2019,2,7,67,3403,110,96
10/31/2019,2,7,87,2966,120,97
11/1/2019,2,7,84,2769,138,98
11/2/2019,2,7,89,2753,122,93
11/3/2019,2,7,52,3301,105,96
11/4/2019,2,7,72,3261,112,95
11/5/2019,2,7,68,2508,104,98
11/6/2019,2,7,82,2732,132,97
11/7/2019,2,7,73,3468,120,97
11/8/2019,2,7,89,3184,117,93
11/9/2019,2,7,90,3372,121,97
11/10/2019,2,7,67,3126,118,93
11/11/2019,2,7,70,2561,137,93
11/12/2019,2,7,67,3375,123,93
11/13/2019,2,7,81,2850,122,91
11/14/2019,2,7,73,2893,114,92
11/15/2019,2,7,74,3221,104,97
11/16/2019,2,7,92,2541,107,92
11/17/2019,2,7,57,3118,127,92
11/18/2019,2,7,76,2519,134,95
11/19/2019,2,7,60,3170,113,93
11/20/2019,2,7,63,3460,134,92
11/21/2019,2,7,84,2821,133,94
11/22/2019,2,7,92,3151,135,91
11/23/2019,2,7,81,2770,109,97
11/24/2019,2,7,54,2967,119,94
11/25/2019,2,7,69,3346,118,91
11/26/2019,2,7,54,2726,137,96
11/27/2019,2,7,62,3143,106,92
11/28/2019,2,7,81,3021,134,94
11/29/2019,2,7,76,3291,116,97
11/30/2019,2,7,89,3263,119,97
12/1/2019,2,7,41,2956,127,94
12/2/2019,2,7,47,3140,116,91
12/3/2019,2,7,51,2958,115,95
12/4/2019,2,7,38,3383,118,98
12/5/2019,2,7,55,2624,119,92
12/6/2019,2,7,72,2799,115,95
12/7/2019,2,7,70,2572,105,98
12/8/2019,2,7,43,3125,108,91
12/9/2019,2,7,48,3446,123,98
12/10/2019,2,7,48,3222,118,96
12/11/2019,2,7,49,3039,120,93
12/12/2019,2,7,55,2872,106,93
12/13/2019,2,7,65,2807,132,96
12/14/2019,2,7,58,2974,111,95
12/15/2019,2,7,36,3182,106,94
12/16/2019,2,7,52,2817,116,94
12/17/2019,2,7,52,3474,133,91
12/18/2019,2,7,76,3274,103,97
12/19/2019,2,7,69,3185,109,94
12/20/2019,2,7,50,2795,126,91
12/21/2019,2,7,58,3217,126,92
12/22/2019,2,7,37,3224,136,94
12/23/2019,2,7,41,3162,121,93
12/24/2019,2,7,36,3157,112,92
12/25/2019,2,7,49,2828,132,91
12/26/2019,2,7,49,3296,114,98
12/27/2019,2,7,62,2822,113,94
12/28/2019,2,7,76,3224,138,94
12/29/2019,2,7,34,2813,109,94
12/30/2019,2,7,52,3477,116,94
12/31/2019,2,7,74,3050,115,92
1/1/2020,2,7,47,2839,137,91
1/2/2020,2,7,50,2680,121,96
1/3/2020,2,7,46,3159,108,95
1/4/2020,2,7,72,3425,129,96
1/5/2020,2,7,42,3193,114,91
1/6/2020,2,7,44,2962,104,95
1/7/2020,2,7,50,3078,126,92
1/8/2020,2,7,49,3146,128,96
1/9/2020,2,7,60,2586,101,98
1/10/2020,2,7,53,3357,101,91
1/11/2020,2,7,54,2587,137,96
1/12/2020,2,7,37,2594,132,96
1/13/2020,2,7,41,2929,119,97
1/14/2020,2,7,48,3278,121,92
1/15/2020,2,7,40,2545,137,95
1/16/2020,2,7,48,2586,138,91
1/17/2020,2,7,47,3440,130,92
1/18/2020,2,7,47,3298,113,94
1/19/2020,2,7,42,3089,122,92
1/20/2020,2,7,37,2730,136,98
1/21/2020,2,7,49,2601,126,93
1/22/2020,2,7,47,2741,103,94
1/23/2020,2,7,55,3268,127,98
1/24/2020,2,7,59,2949,128,98
1/25/2020,2,7,54,2676,103,92
1/26/2020,2,7,38,2824,130,97
1/27/2020,2,7,50,3293,106,97
1/28/2020,2,7,49,2610,109,94
1/29/2020,2,7,53,3032,126,98
1/30/2020,2,7,42,2796,102,93
1/31/2020,2,7,61,2961,101,92
2/1/2020,2,7,73,2997,102,91
2/2/2020,2,7,50,2813,115,94
2/3/2020,2,7,68,3120,114,95
2/4/2020,2,7,58,3382,108,96
2/5/2020,2,7,58,2584,137,93
2/6/2020,2,7,61,3440,137,98
2/7/2020,2,7,73,2802,107,97
2/8/2020,2,7,72,3246,134,97
2/9/2020,2,7,45,3292,135,91
2/10/2020,2,7,39,3432,111,97
2/11/2020,2,7,56,2633,118,94
2/12/2020,2,7,61,3053,108,92
2/13/2020,2,7,66,2979,102,91
2/14/2020,2,7,72,2948,127,92
2/15/2020,2,7,73,2613,135,98
2/16/2020,2,7,54,3136,102,96
2/17/2020,2,7,55,2835,114,98
2/18/2020,2,7,67,2736,116,97
2/19/2020,2,7,47,3228,120,98
2/20/2020,2,7,70,2740,105,94
2/21/2020,2,7,76,2586,114,94
2/22/2020,2,7,56,2556,138,91
2/23/2020,2,7,47,3268,121,97
2/24/2020,2,7,39,3110,135,96
2/25/2020,2,7,58,3017,136,95
2/26/2020,2,7,46,3185,111,93
2/27/2020,2,7,62,2890,109,97
2/28/2020,2,7,59,3122,114,98
3/1/2020,2,7,87,2782,108,94
3/2/2020,2,7,53,2786,123,98
3/3/2020,2,7,64,2532,121,96
3/4/2020,2,7,65,2820,132,96
3/5/2020,2,7,61,3330,119,95
3/6/2020,2,7,72,2702,103,93
3/7/2020,2,7,102,2685,120,92
3/8/2020,2,7,61,2855,102,97
3/9/2020,2,7,48,3124,137,94
3/10/2020,2,7,75,2579,131,97
3/11/2020,2,7,44,3242,113,92
3/12/2020,2,7,67,3345,117,91
3/13/2020,2,7,85,3181,114,95
3/14/2020,2,7,79,2568,102,96
3/15/2020,2,7,91,3232,131,96
3/16/2020,2,7,70,3009,107,94
3/17/2020,2,7,72,2978,105,94
3/18/2020,2,7,56,2585,126,97
3/19/2020,2,7,78,2911,102,92
3/20/2020,2,7,66,2985,115,97
3/21/2020,2,7,87,3094,126,97
3/22/2020,2,7,75,3073,133,91
3/23/2020,2,7,50,2915,119,98
3/24/2020,2,7,62,3414,138,94
3/25/2020,2,7,57,3295,101,91
3/26/2020,2,7,74,3457,102,95
3/27/2020,2,7,74,2818,129,97
3/28/2020,2,7,81,3486,106,97
3/29/2020,2,7,88,3188,122,91
3/30/2020,2,7,51,3071,120,92
3/31/2020,2,7,53,2901,117,91
4/1/2020,2,7,74,3129,123,97
4/2/2020,2,7,78,3470,108,96
4/3/2020,2,7,82,3491,131,98
4/4/2020,2,7,92,2764,126,91
4/5/2020,2,7,90,2543,125,94
4/6/2020,2,7,77,3364,117,97
4/7/2020,2,7,69,3245,122,94
4/8/2020,2,7,63,3243,112,92
4/9/2020,2,7,71,2885,135,95
4/10/2020,2,7,88,3342,103,91
4/11/2020,2,7,100,2536,102,95
4/12/2020,2,7,85,2560,132,93
4/13/2020,2,7,77,2790,117,96
4/14/2020,2,7,69,3493,111,93
4/15/2020,2,7,76,3234,136,97
4/16/2020,2,7,70,2814,114,95
4/17/2020,2,7,65,2530,101,95
4/18/2020,2,7,89,2913,127,93
4/19/2020,2,7,89,2857,131,95
4/20/2020,2,7,63,2899,104,96
4/21/2020,2,7,76,2986,115,96
4/22/2020,2,7,60,3216,123,98
4/23/2020,2,7,87,3429,105,96
4/24/2020,2,7,90,2591,134,98
4/25/2020,2,7,109,2531,107,98
4/26/2020,2,7,99,2632,113,97
4/27/2020,2,7,66,2930,126,91
4/28/2020,2,7,59,3155,136,96
4/29/2020,2,7,64,3398,133,94
4/30/2020,2,7,77,2832,132,92
5/1/2020,2,7,80,3342,114,95
5/2/2020,2,7,103,3195,126,93
5/3/2020,2,7,96,3053,126,93
5/4/2020,2,7,60,3460,110,91
5/5/2020,2,7,86,3258,138,93
5/6/2020,2,7,87,2717,106,92
5/7/2020,2,7,85,3137,134,93
5/8/2020,2,7,96,2702,121,94
5/9/2020,2,7,97,3345,105,98
5/10/2020,2,7,96,3287,111,97
5/11/2020,2,7,60,3177,122,97
5/12/2020,2,7,78,3297,135,91
5/13/2020,2,7,69,3099,129,91
5/14/2020,2,7,67,2970,132,96
5/15/2020,2,7,86,3428,101,96
5/16/2020,2,7,105,2790,127,93
5/17/2020,2,7,100,2739,126,91
5/18/2020,2,7,61,3454,118,97
5/19/2020,2,7,82,3024,105,91
5/20/2020,2,7,76,2852,116,94
5/21/2020,2,7,77,2917,114,97
5/22/2020,2,7,84,3089,122,92
5/23/2020,2,7,90,3233,111,93
5/24/2020,2,7,95,3146,119,95
5/25/2020,2,7,62,2549,129,92
5/26/2020,2,7,80,2568,134,92
5/27/2020,2,7,72,2649,114,94
5/28/2020,2,7,79,3431,129,94
5/29/2020,2,7,108,2773,130,93
5/30/2020,2,7,98,2830,124,92
5/31/2020,2,7,96,3499,112,92
6/1/2020,2,7,78,3024,136,97
6/2/2020,2,7,86,2743,121,91
6/3/2020,2,7,85,3164,135,97
6/4/2020,2,7,83,3380,137,96
6/5/2020,2,7,95,3429,128,96
6/6/2020,2,7,101,3292,138,95
6/7/2020,2,7,109,3486,133,98
6/8/2020,2,7,70,2830,134,97
6/9/2020,2,7,89,3423,127,95
6/10/2020,2,7,94,3279,127,96
6/11/2020,2,7,94,3149,124,93
6/12/2020,2,7,93,3458,115,96
6/13/2020,2,7,101,2649,117,97
6/14/2020,2,7,135,2745,124,94
6/15/2020,2,7,66,2884,127,91
6/16/2020,2,7,93,3101,138,93
6/17/2020,2,7,78,2709,106,94
6/18/2020,2,7,96,2917,118,97
6/19/2020,2,7,100,2839,126,93
6/20/2020,2,7,90,3101,112,97
6/21/2020,2,7,113,2963,115,96
6/22/2020,2,7,57,3065,134,92
6/23/2020,2,7,106,2545,125,98
6/24/2020,2,7,85,2601,123,96
6/25/2020,2,7,76,2963,127,92
6/26/2020,2,7,114,2517,101,98
6/27/2020,2,7,83,3117,134,96
6/28/2020,2,7,97,2654,101,91
6/29/2020,2,7,66,2520,103,96
6/30/2020,2,7,91,2895,105,91
7/1/2020,2,7,97,3194,134,95
7/2/2020,2,7,95,3043,107,93
7/3/2020,2,7,88,3335,121,93
7/4/2020,2,7,129,3119,109,94
7/5/2020,2,7,125,2522,116,91
7/6/2020,2,7,75,3187,101,94
7/7/2020,2,7,99,2782,131,98
7/8/2020,2,7,86,3297,118,93
7/9/2020,2,7,92,2644,136,97
7/10/2020,2,7,90,2677,134,92
7/11/2020,2,7,95,3170,133,96
7/12/2020,2,7,110,2694,130,93
7/13/2020,2,7,79,3013,135,91
7/14/2020,2,7,74,2600,124,92
7/15/2020,2,7,81,2798,102,93
7/16/2020,2,7,85,2568,113,93
7/17/2020,2,7,128,3446,122,93
7/18/2020,2,7,108,3456,119,96
7/19/2020,2,7,103,2954,110,97
7/20/2020,2,7,64,2661,124,98
7/21/2020,2,7,73,3190,117,95
7/22/2020,2,7,95,2713,127,97
7/23/2020,2,7,79,2827,117,91
7/24/2020,2,7,107,3110,124,96
7/25/2020,2,7,113,3474,122,95
7/26/2020,2,7,102,3154,109,95
7/27/2020,2,7,76,2609,115,93
7/28/2020,2,7,91,2953,103,97
7/29/2020,2,7,91,3057,138,91
7/30/2020,2,7,83,2794,107,92
7/31/2020,2,7,78,3010,127,95
8/1/2020,2,7,112,2547,132,95
8/2/2020,2,7,114,3125,105,92
8/3/2020,2,7,70,2770,110,95
8/4/2020,2,7,77,3282,110,98
8/5/2020,2,7,97,3184,125,91
8/6/2020,2,7,83,3302,111,94
8/7/2020,2,7,87,2812,114,93
8/8/2020,2,7,99,2765,110,94
8/9/2020,2,7,94,3143,138,98
8/10/2020,2,7,87,3424,110,96
8/11/2020,2,7,91,2707,125,91
8/12/2020,2,7,74,3072,113,98
8/13/2020,2,7,85,2983,126,91
8/14/2020,2,7,99,2984,102,95
8/15/2020,2,7,105,3359,112,93
8/16/2020,2,7,90,2914,127,95
8/17/2020,2,7,84,2686,124,97
8/18/2020,2,7,68,2954,107,94
8/19/2020,2,7,76,2843,127,95
8/20/2020,2,7,85,3220,133,94
8/21/2020,2,7,88,2648,129,97
8/22/2020,2,7,123,3263,115,95
8/23/2020,2,7,85,2546,105,94
8/24/2020,2,7,55,2549,128,93
8/25/2020,2,7,90,3361,104,91
8/26/2020,2,7,70,2556,129,98
8/27/2020,2,7,78,3224,136,96
8/28/2020,2,7,95,3099,120,96
8/29/2020,2,7,82,3261,136,92
8/30/2020,2,7,96,3416,126,96
8/31/2020,2,7,77,2754,133,94
9/1/2020,2,7,82,3302,127,94
9/2/2020,2,7,67,2972,119,92
9/3/2020,2,7,73,2984,126,98
9/4/2020,2,7,88,2741,102,96
9/5/2020,2,7,84,3186,137,98
9/6/2020,2,7,87,3448,127,94
9/7/2020,2,7,53,3067,115,91
9/8/2020,2,7,67,3064,137,96
9/9/2020,2,7,91,2887,109,93
9/10/2020,2,7,85,3083,103,92
9/11/2020,2,7,84,2554,136,91
9/12/2020,2,7,87,2618,129,98
9/13/2020,2,7,102,3434,126,94
9/14/2020,2,7,66,2802,130,93
9/15/2020,2,7,74,3286,116,98
9/16/2020,2,7,69,2976,102,95
9/17/2020,2,7,63,3035,119,91
9/18/2020,2,7,85,2505,118,95
9/19/2020,2,7,85,3416,123,95
9/20/2020,2,7,91,3454,120,96
9/21/2020,2,7,70,3302,119,93
9/22/2020,2,7,72,2940,109,98
9/23/2020,2,7,74,3040,132,94
9/24/2020,2,7,64,2687,112,94
9/25/2020,2,7,84,2826,119,97
9/26/2020,2,7,87,2934,103,98
9/27/2020,2,7,101,2882,134,96
9/28/2020,2,7,78,3116,128,95
9/29/2020,2,7,73,3163,110,93
9/30/2020,2,7,75,2601,115,96
10/1/2020,2,7,72,2886,105,95
10/2/2020,2,7,71,2824,101,93
10/3/2020,2,7,78,2995,121,95
10/4/2020,2,7,77,3188,133,98
10/5/2020,2,7,54,2616,125,98
10/6/2020,2,7,65,3384,118,92
10/7/2020,2,7,63,3285,136,95
10/8/2020,2,7,55,2554,133,95
10/9/2020,2,7,79,2955,118,98
10/10/2020,2,7,84,2678,111,96
10/11/2020,2,7,84,2723,133,96
10/12/2020,2,7,65,3447,111,94
10/13/2020,2,7,65,2621,101,92
10/14/2020,2,7,73,3411,131,96
10/15/2020,2,7,65,2717,106,92
10/16/2020,2,7,80,3049,120,93
10/17/2020,2,7,79,3419,131,97
10/18/2020,2,7,98,3469,115,96
10/19/2020,2,7,68,3415,108,94
10/20/2020,2,7,62,3429,115,98
10/21/2020,2,7,67,3107,110,98
10/22/2020,2,7,76,2739,133,91
10/23/2020,2,7,82,2850,117,98
10/24/2020,2,7,81,2614,123,98
10/25/2020,2,7,91,2775,137,95
10/26/2020,2,7,67,2540,138,96
10/27/2020,2,7,83,3269,108,95
10/28/2020,2,7,62,2584,130,92
10/29/2020,2,7,80,2892,108,93
10/30/2020,2,7,60,3059,114,95
10/31/2020,2,7,91,2904,110,94
11/1/2020,2,7,96,2795,131,96
11/2/2020,2,7,52,3241,111,97
11/3/2020,2,7,78,2615,110,97
11/4/2020,2,7,85,3319,126,94
11/5/2020,2,7,72,3163,108,98
11/6/2020,2,7,85,3182,106,91
11/7/2020,2,7,102,2593,104,97
11/8/2020,2,7,92,2945,104,97
11/9/2020,2,7,52,2637,134,98
11/10/2020,2,7,65,2785,119,96
11/11/2020,2,7,86,3133,118,93
11/12/2020,2,7,80,3409,108,98
11/13/2020,2,7,69,2707,126,98
11/14/2020,2,7,95,3113,101,91
11/15/2020,2,7,86,2676,111,98
11/16/2020,2,7,71,3466,123,96
11/17/2020,2,7,73,3492,119,92
11/18/2020,2,7,78,3193,111,96
11/19/2020,2,7,76,3252,125,92
11/20/2020,2,7,76,2976,126,95
11/21/2020,2,7,92,3198,104,96
11/22/2020,2,7,94,2568,107,97
11/23/2020,2,7,73,3373,132,92
11/24/2020,2,7,65,3113,105,93
11/25/2020,2,7,83,2659,123,91
11/26/2020,2,7,68,3216,103,97
11/27/2020,2,7,79,3409,132,91
11/28/2020,2,7,91,2518,137,92
11/29/2020,2,7,90,3420,118,95
11/30/2020,2,7,64,3434,114,97
12/1/2020,2,7,52,3298,134,98
12/2/2020,2,7,51,3489,128,94
12/3/2020,2,7,48,2567,130,98
12/4/2020,2,7,64,3312,122,95
12/5/2020,2,7,57,2794,132,95
12/6/2020,2,7,72,2842,128,93
12/7/2020,2,7,33,2830,114,97
12/8/2020,2,7,52,2523,115,94
12/9/2020,2,7,56,3162,106,91
12/10/2020,2,7,53,2640,116,98
12/11/2020,2,7,55,2972,137,95
12/12/2020,2,7,62,3092,120,97
12/13/2020,2,7,52,2634,128,96
12/14/2020,2,7,48,2743,131,92
12/15/2020,2,7,65,2721,134,94
12/16/2020,2,7,43,2584,114,91
12/17/2020,2,7,57,2536,122,94
12/18/2020,2,7,53,3107,131,95
12/19/2020,2,7,62,3230,116,95
12/20/2020,2,7,70,2932,108,93
12/21/2020,2,7,45,2979,121,92
12/22/2020,2,7,55,3347,134,96
12/23/2020,2,7,48,3115,111,93
12/24/2020,2,7,49,3488,132,97
12/25/2020,2,7,44,2672,125,93
12/26/2020,2,7,55,2959,118,93
12/27/2020,2,7,63,2967,129,94
12/28/2020,2,7,49,3324,104,95
12/29/2020,2,7,57,3490,114,92
12/30/2020,2,7,49,2752,126,94
12/31/2020,2,7,67,2688,134,95
1/1/2021,2,7,60,3472,110,97
1/2/2021,2,7,64,3296,117,94
1/3/2021,2,7,74,2540,125,93
1/4/2021,2,7,43,3106,118,92
1/5/2021,2,7,51,2652,110,97
1/6/2021,2,7,51,2796,121,98
1/7/2021,2,7,57,2784,117,95
1/8/2021,2,7,45,2866,136,95
1/9/2021,2,7,62,2954,118,96
1/10/2021,2,7,51,2744,119,98
1/11/2021,2,7,46,2823,110,93
1/12/2021,2,7,62,2602,136,95
1/13/2021,2,7,47,3235,129,95
1/14/2021,2,7,63,3386,113,95
1/15/2021,2,7,63,3069,121,94
1/16/2021,2,7,54,2799,114,93
1/17/2021,2,7,58,3167,105,93
1/18/2021,2,7,45,3413,127,98
1/19/2021,2,7,55,3473,112,98
1/20/2021,2,7,43,2658,104,94
1/21/2021,2,7,59,3173,119,92
1/22/2021,2,7,49,3329,118,93
1/23/2021,2,7,55,3492,102,97
1/24/2021,2,7,73,2822,116,94
1/25/2021,2,7,48,2753,120,98
1/26/2021,2,7,53,2956,124,96
1/27/2021,2,7,50,3238,124,93
1/28/2021,2,7,55,2981,115,97
1/29/2021,2,7,57,3126,124,94
1/30/2021,2,7,57,2635,131,92
1/31/2021,2,7,54,2551,106,96
2/1/2021,2,7,40,3121,123,95
2/2/2021,2,7,59,2700,127,93
2/3/2021,2,7,59,2955,121,95
2/4/2021,2,7,61,3028,128,94
2/5/2021,2,7,57,3307,114,97
2/6/2021,2,7,69,3114,136,97
2/7/2021,2,7,89,3386,123,94
2/8/2021,2,7,46,3007,108,94
2/9/2021,2,7,45,2877,110,91
2/10/2021,2,7,48,2708,102,94
2/11/2021,2,7,40,3152,129,94
2/12/2021,2,7,57,3112,134,96
2/13/2021,2,7,66,3476,103,91
2/14/2021,2,7,78,2961,117,95
2/15/2021,2,7,41,2857,105,96
2/16/2021,2,7,54,2653,111,92
2/17/2021,2,7,64,3317,121,96
2/18/2021,2,7,59,2722,108,92
2/19/2021,2,7,62,3214,116,92
2/20/2021,2,7,60,2804,103,93
2/21/2021,2,7,66,2528,106,95
2/22/2021,2,7,51,3432,131,94
2/23/2021,2,7,54,2590,101,97
2/24/2021,2,7,60,2860,119,98
2/25/2021,2,7,68,2596,131,96
2/26/2021,2,7,67,2628,117,92
2/27/2021,2,7,74,2595,125,96
2/28/2021,2,7,85,2607,102,94
2/29/2021,2,7,49,2571,114,97
3/1/2021,2,7,65,2774,111,93
3/2/2021,2,7,63,2721,122,97
3/3/2021,2,7,65,2776,131,91
3/4/2021,2,7,89,2588,113,91
3/5/2021,2,7,102,2526,110,93
3/6/2021,2,7,90,3361,135,93
3/7/2021,2,7,55,2545,109,96
3/8/2021,2,7,62,2751,134,95
3/9/2021,2,7,61,3189,109,95
3/10/2021,2,7,65,2795,117,94
3/11/2021,2,7,64,3108,105,95
3/12/2021,2,7,95,3001,102,96
3/13/2021,2,7,72,3205,119,98
3/14/2021,2,7,50,2673,117,92
3/15/2021,2,7,92,2995,123,96
3/16/2021,2,7,58,2588,135,98
3/17/2021,2,7,96,3023,127,95
3/18/2021,2,7,69,2605,128,97
3/19/2021,2,7,78,2595,138,93
3/20/2021,2,7,75,3326,119,94
3/21/2021,2,7,58,3262,104,94
3/22/2021,2,7,78,2843,113,97
3/23/2021,2,7,73,2792,107,92
3/24/2021,2,7,69,2502,137,96
3/25/2021,2,7,68,2780,109,96
3/26/2021,2,7,77,3389,124,98
3/27/2021,2,7,106,3032,110,97
3/28/2021,2,7,58,2804,131,96
3/29/2021,2,7,68,2748,132,97
3/30/2021,2,7,71,3233,110,92
3/31/2021,2,7,63,2918,135,94
4/1/2021,2,7,120,3077,130,96
4/2/2021,2,7,101,2669,125,92
4/3/2021,2,7,130,2682,129,93
4/4/2021,2,7,50,2882,134,98
4/5/2021,2,7,87,2835,122,94
4/6/2021,2,7,77,2783,135,92
4/7/2021,2,7,89,2577,103,94
4/8/2021,2,7,101,2734,121,92
4/9/2021,2,7,87,2586,102,97
4/10/2021,2,7,109,3068,124,91
4/11/2021,2,7,79,2853,117,93
4/12/2021,2,7,102,3206,112,95
4/13/2021,2,7,79,3464,108,96
4/14/2021,2,7,75,2593,138,91
4/15/2021,2,7,81,2508,131,96
4/16/2021,2,7,89,3263,131,94
4/17/2021,2,7,101,3169,135,93
4/18/2021,2,7,68,3139,111,97
4/19/2021,2,7,91,3098,112,94
4/20/2021,2,7,84,2961,101,92
4/21/2021,2,7,68,2950,112,93
4/22/2021,2,7,93,3060,112,93
4/23/2021,2,7,101,3046,109,95
4/24/2021,2,7,111,2858,102,91
4/25/2021,2,7,71,2858,134,91
4/26/2021,2,7,81,3360,108,96
4/27/2021,2,7,90,3184,129,97
4/28/2021,2,7,84,2864,107,94
4/29/2021,2,7,74,2614,114,97
4/30/2021,2,7,101,3335,104,91
5/1/2021,2,7,104,3160,117,95
5/2/2021,2,7,72,3182,126,94
5/3/2021,2,7,89,2561,137,91
5/4/2021,2,7,80,2681,122,95
5/5/2021,2,7,100,2793,123,94
5/6/2021,2,7,103,3185,112,94
5/7/2021,2,7,85,3471,131,92
5/8/2021,2,7,125,2922,125,97
5/9/2021,2,7,62,2918,108,97
5/10/2021,2,7,87,2819,128,94
5/11/2021,2,7,73,2590,111,92
5/12/2021,2,7,92,2700,109,94
5/13/2021,2,7,105,2888,120,95
5/14/2021,2,7,95,2990,114,94
5/15/2021,2,7,100,2529,128,91
5/16/2021,2,7,63,2873,130,96
5/17/2021,2,7,72,3500,117,94
5/18/2021,2,7,89,2735,102,95
5/19/2021,2,7,98,2868,119,95
5/20/2021,2,7,108,2891,132,92
5/21/2021,2,7,113,2802,136,96
5/22/2021,2,7,99,2739,129,98
5/23/2021,2,7,77,3111,128,94
5/24/2021,2,7,82,3097,125,92
5/25/2021,2,7,83,3410,128,98
5/26/2021,2,7,89,3360,120,92
5/27/2021,2,7,106,2716,118,98
5/28/2021,2,7,85,2823,121,96
5/29/2021,2,7,124,2768,131,95
5/30/2021,2,7,56,3332,129,96
5/31/2021,2,7,89,3169,126,97
6/1/2021,2,7,84,2581,130,97
6/2/2021,2,7,104,3397,123,92
6/3/2021,2,7,102,2517,114,96
6/4/2021,2,7,112,3241,125,94
6/5/2021,2,7,127,2951,110,94
6/6/2021,2,7,89,2819,134,94
6/7/2021,2,7,80,2595,114,96
6/8/2021,2,7,93,3363,121,98
6/9/2021,2,7,101,2584,138,93
6/10/2021,2,7,92,2689,135,96
6/11/2021,2,7,113,2659,119,94
6/12/2021,2,7,107,2944,108,97
6/13/2021,2,7,78,2555,109,94
6/14/2021,2,7,97,3470,126,96
6/15/2021,2,7,89,2914,130,96
6/16/2021,2,7,113,3330,121,95
6/17/2021,2,7,116,3424,102,95
6/18/2021,2,7,84,2906,108,94
6/19/2021,2,7,118,2972,105,98
6/20/2021,2,7,87,2585,130,92
6/21/2021,2,7,95,2615,125,94
6/22/2021,2,7,112,3234,129,92
6/23/2021,2,7,95,2520,122,91
6/24/2021,2,7,114,3354,128,95
6/25/2021,2,7,107,2575,103,95
6/26/2021,2,7,100,2905,134,91
6/27/2021,2,7,85,2528,128,97
6/28/2021,2,7,89,2529,131,93
6/29/2021,2,7,101,3272,121,92
6/30/2021,2,7,105,2766,137,93
7/1/2021,2,7,99,2947,132,96
7/2/2021,2,7,131,2620,103,93
7/3/2021,2,7,121,3043,117,94
7/4/2021,2,7,71,2598,122,98
7/5/2021,2,7,100,2884,102,92
7/6/2021,2,7,107,2750,121,92
7/7/2021,2,7,91,2675,101,97
7/8/2021,2,7,107,2952,106,98
7/9/2021,2,7,123,3229,113,96
7/10/2021,2,7,128,2819,117,98
7/11/2021,2,7,74,2917,114,98
7/12/2021,2,7,90,2673,109,94
7/13/2021,2,7,98,2892,118,91
7/14/2021,2,7,114,2925,115,92
7/15/2021,2,7,108,2714,112,93
7/16/2021,2,7,128,2742,115,94
7/17/2021,2,7,123,2565,118,91
7/18/2021,2,7,86,3369,135,96
7/19/2021,2,7,91,3380,111,98
7/20/2021,2,7,104,3025,124,95
7/21/2021,2,7,106,3061,122,93
7/22/2021,2,7,110,3363,105,94
7/23/2021,2,7,116,2746,107,93
7/24/2021,2,7,129,3038,121,94
7/25/2021,2,7,90,2784,107,92
7/26/2021,2,7,95,2955,124,98
7/27/2021,2,7,97,3476,102,96
7/28/2021,2,7,107,3097,125,97
7/29/2021,2,7,109,2653,131,96
7/30/2021,2,7,101,3135,137,91
7/31/2021,2,7,121,2708,125,92
8/1/2021,2,7,73,3166,118,97
8/2/2021,2,7,90,3005,124,92
8/3/2021,2,7,90,3139,127,98
8/4/2021,2,7,89,3212,131,98
8/5/2021,2,7,84,3368,117,95
8/6/2021,2,7,106,2960,129,98
8/7/2021,2,7,115,2874,119,93
8/8/2021,2,7,62,2891,119,93
8/9/2021,2,7,87,2880,115,91
8/10/2021,2,7,84,3080,126,95
8/11/2021,2,7,87,2886,113,95
8/12/2021,2,7,85,3167,137,96
8/13/2021,2,7,95,2516,117,97
8/14/2021,2,7,126,3346,114,91
8/15/2021,2,7,78,2870,111,93
8/16/2021,2,7,68,2669,102,92
8/17/2021,2,7,69,2524,137,96
8/18/2021,2,7,84,2846,119,92
8/19/2021,2,7,93,2765,108,92
8/20/2021,2,7,106,2717,115,95
8/21/2021,2,7,125,2644,105,91
8/22/2021,2,7,84,3457,101,92
8/23/2021,2,7,67,2622,138,98
8/24/2021,2,7,86,2840,107,93
8/25/2021,2,7,92,3198,108,96
8/26/2021,2,7,94,2578,136,94
8/27/2021,2,7,115,2730,132,93
8/28/2021,2,7,112,2627,101,91
8/29/2021,2,7,68,3150,129,95
8/30/2021,2,7,84,3285,115,92
8/31/2021,2,7,72,3103,109,93
9/1/2021,2,7,105,3100,109,98
9/2/2021,2,7,86,2928,110,96
9/3/2021,2,7,103,2970,135,91
9/4/2021,2,7,106,3500,105,93
9/5/2021,2,7,59,2717,138,94
9/6/2021,2,7,73,3354,116,95
9/7/2021,2,7,57,2892,129,96
9/8/2021,2,7,87,3437,118,92
9/9/2021,2,7,90,3109,108,91
9/10/2021,2,7,97,2624,138,98
9/11/2021,2,7,96,2614,135,97
9/12/2021,2,7,59,3464,134,95
9/13/2021,2,7,81,2873,117,94
9/14/2021,2,7,97,3488,128,92
9/15/2021,2,7,101,3362,105,91
9/16/2021,2,7,110,3020,117,96
9/17/2021,2,7,101,3217,126,96
9/18/2021,2,7,105,3098,132,92
9/19/2021,2,7,62,3345,121,95
9/20/2021,2,7,90,3299,130,93
9/21/2021,2,7,90,2926,102,93
9/22/2021,2,7,77,2861,119,93
9/23/2021,2,7,93,2628,109,93
9/24/2021,2,7,103,2742,116,96
9/25/2021,2,7,94,2568,101,95
9/26/2021,2,7,60,2503,131,94
9/27/2021,2,7,75,3259,137,95
9/28/2021,2,7,83,3324,117,93
9/29/2021,2,7,96,3009,136,91
9/30/2021,2,7,94,2983,108,94
10/1/2021,2,7,98,2575,134,91
10/2/2021,2,7,89,2885,104,95
10/3/2021,2,7,70,3021,109,97
10/4/2021,2,7,75,2935,120,92
10/5/2021,2,7,84,3434,110,97
10/6/2021,2,7,90,3435,109,97
10/7/2021,2,7,83,3317,125,92
10/8/2021,2,7,102,2742,108,98
10/9/2021,2,7,80,3378,102,97
10/10/2021,2,7,57,2633,131,96
10/11/2021,2,7,74,2708,103,93
10/12/2021,2,7,90,3480,107,98
10/13/2021,2,7,76,2873,137,93
10/14/2021,2,7,89,3095,135,98
10/15/2021,2,7,101,2656,112,95
10/16/2021,2,7,91,2729,118,92
10/17/2021,2,7,51,3018,122,93
10/18/2021,2,7,71,3127,129,92
10/19/2021,2,7,84,3234,116,93
10/20/2021,2,7,59,3186,106,97
10/21/2021,2,7,85,2661,132,95
10/22/2021,2,7,101,3280,132,95
10/23/2021,2,7,93,3343,117,98
10/24/2021,2,7,55,2835,120,93
10/25/2021,2,7,92,3142,130,97
10/26/2021,2,7,72,3433,121,94
10/27/2021,2,7,94,2852,115,97
10/28/2021,2,7,104,2720,108,95
10/29/2021,2,7,97,2538,104,91
10/30/2021,2,7,87,2506,102,98
10/31/2021,2,7,57,3249,133,94
11/1/2021,2,7,62,3246,124,95
11/2/2021,2,7,74,3196,122,97
11/3/2021,2,7,71,2982,101,91
11/4/2021,2,7,78,2630,135,96
11/5/2021,2,7,102,3009,110,94
11/6/2021,2,7,108,3355,101,94
11/7/2021,2,7,73,2756,136,93
11/8/2021,2,7,78,3108,125,95
11/9/2021,2,7,83,2985,123,94
11/10/2021,2,7,82,3055,132,91
11/11/2021,2,7,79,2628,111,91
11/12/2021,2,7,98,2864,130,98
11/13/2021,2,7,110,2747,104,91
11/14/2021,2,7,77,3157,116,97
11/15/2021,2,7,90,2995,102,97
11/16/2021,2,7,90,2685,117,98
11/17/2021,2,7,80,3440,124,92
11/18/2021,2,7,97,2947,131,92
11/19/2021,2,7,98,2899,131,92
11/20/2021,2,7,104,2695,104,96
11/21/2021,2,7,61,3338,136,96
11/22/2021,2,7,70,3132,117,92
11/23/2021,2,7,76,2899,129,92
11/24/2021,2,7,90,2965,116,92
11/25/2021,2,7,78,3200,102,94
11/26/2021,2,7,83,3433,110,91
11/27/2021,2,7,90,3239,118,95
11/28/2021,2,7,80,2848,124,91
11/29/2021,2,7,92,3036,129,93
11/30/2021,2,7,85,3283,136,91
12/1/2021,2,7,59,3328,120,93
12/2/2021,2,7,64,3350,108,95
12/3/2021,2,7,64,3082,106,95
12/4/2021,2,7,72,3245,113,92
12/5/2021,2,7,45,2871,104,95
12/6/2021,2,7,46,2964,135,98
12/7/2021,2,7,72,2741,120,91
12/8/2021,2,7,60,2941,106,93
12/9/2021,2,7,75,2625,131,97
12/10/2021,2,7,65,3394,136,93
12/11/2021,2,7,72,3012,120,98
12/12/2021,2,7,42,3428,109,98
12/13/2021,2,7,37,2598,123,91
12/14/2021,2,7,58,2684,137,96
12/15/2021,2,7,83,2788,115,98
12/16/2021,2,7,71,3003,105,98
12/17/2021,2,7,61,2799,124,93
12/18/2021,2,7,87,2712,131,92
12/19/2021,2,7,49,2667,102,94
12/20/2021,2,7,47,2910,112,97
12/21/2021,2,7,61,3212,113,98
12/22/2021,2,7,57,2691,130,98
12/23/2021,2,7,55,2890,138,92
12/24/2021,2,7,89,3190,123,93
12/25/2021,2,7,64,3213,115,95
12/26/2021,2,7,58,2659,132,93
12/27/2021,2,7,57,2651,114,95
12/28/2021,2,7,53,3142,120,97
12/29/2021,2,7,57,3052,134,96
12/30/2021,2,7,53,3243,133,95
12/31/2021,2,7,62,3232,111,94
1/1/2022,2,7,66,3305,116,97
1/2/2022,2,7,48,2680,109,98
1/3/2022,2,7,59,3269,117,95
1/4/2022,2,7,48,2838,106,97
1/5/2022,2,7,54,3028,115,91
1/6/2022,2,7,71,2746,132,94
1/7/2022,2,7,62,2941,110,95
1/8/2022,2,7,79,3083,122,98
1/9/2022,2,7,46,3142,138,95
1/10/2022,2,7,57,3220,134,97
1/11/2022,2,7,58,3098,119,92
1/12/2022,2,7,55,2817,131,95
1/13/2022,2,7,55,2561,124,97
1/14/2022,2,7,74,3402,123,95
1/15/2022,2,7,77,2864,134,97
1/16/2022,2,7,47,3469,137,91
1/17/2022,2,7,55,3467,102,93
1/18/2022,2,7,46,3210,121,97
1/19/2022,2,7,43,3302,107,95
1/20/2022,2,7,68,2986,109,94
1/21/2022,2,7,62,2889,114,97
1/22/2022,2,7,72,3313,125,93
1/23/2022,2,7,30,3126,125,93
1/24/2022,2,7,59,3004,115,93
1/25/2022,2,7,64,3117,134,95
1/26/2022,2,7,49,3446,135,97
1/27/2022,2,7,67,2785,136,96
1/28/2022,2,7,74,3064,110,93
1/29/2022,2,7,55,3022,114,92
1/30/2022,2,7,48,2673,135,94
1/31/2022,2,7,52,2855,128,94
2/1/2022,2,7,61,2590,124,96
2/2/2022,2,7,58,2622,116,97
2/3/2022,2,7,62,3435,135,94
2/4/2022,2,7,64,3079,123,93
2/5/2022,2,7,79,2944,114,98
2/6/2022,2,7,39,2696,103,93
2/7/2022,2,7,54,2692,102,97
2/8/2022,2,7,73,3063,115,92
2/9/2022,2,7,64,3418,122,94
2/10/2022,2,7,56,3305,138,98
2/11/2022,2,7,72,2907,111,93
2/12/2022,2,7,72,2853,129,96
2/13/2022,2,7,49,2710,118,93
2/14/2022,2,7,57,3345,112,92
2/15/2022,2,7,48,2510,138,97
2/16/2022,2,7,68,3296,126,98
2/17/2022,2,7,66,3021,109,92
2/18/2022,2,7,81,3245,124,92
2/19/2022,2,7,75,2896,112,96
2/20/2022,2,7,45,2662,121,98
2/21/2022,2,7,60,3476,118,93
2/22/2022,2,7,55,2685,131,97
2/23/2022,2,7,71,2663,131,93
2/24/2022,2,7,64,2788,137,95
2/25/2022,2,7,73,2594,138,95
2/26/2022,2,7,77,2949,137,91
2/27/2022,2,7,43,2666,103,98
2/28/2022,2,7,49,3038,112,98
3/1/2022,2,7,75,3500,109,95
3/2/2022,2,7,70,2885,124,96
3/3/2022,2,7,98,3207,118,94
3/4/2022,2,7,82,2523,119,94
3/5/2022,2,7,81,3466,102,97
3/6/2022,2,7,62,3378,130,98
3/7/2022,2,7,59,3287,131,93
3/8/2022,2,7,63,3498,125,93
3/9/2022,2,7,78,2800,107,93
3/10/2022,2,7,75,3054,133,96
3/11/2022,2,7,95,3082,106,96
3/12/2022,2,7,102,3464,133,97
3/13/2022,2,7,64,3290,113,93
3/14/2022,2,7,85,3189,106,91
3/15/2022,2,7,70,2504,109,96
3/16/2022,2,7,89,3422,123,96
3/17/2022,2,7,83,3370,122,97
3/18/2022,2,7,72,3079,137,94
3/19/2022,2,7,96,3046,106,93
3/20/2022,2,7,69,2610,113,97
3/21/2022,2,7,83,3419,134,98
3/22/2022,2,7,66,2645,126,91
3/23/2022,2,7,75,2828,103,91
3/24/2022,2,7,83,3185,106,98
3/25/2022,2,7,99,3187,119,91
3/26/2022,2,7,76,2889,136,95
3/27/2022,2,7,66,3432,113,98
3/28/2022,2,7,76,2797,132,98
3/29/2022,2,7,77,2961,122,95
3/30/2022,2,7,56,3456,103,93
3/31/2022,2,7,82,3498,111,91
4/1/2022,2,7,93,2812,112,91
4/2/2022,2,7,102,3363,127,95
4/3/2022,2,7,84,2619,104,96
4/4/2022,2,7,73,2854,132,97
4/5/2022,2,7,74,2992,116,94
4/6/2022,2,7,98,3055,128,97
4/7/2022,2,7,109,3330,123,97
4/8/2022,2,7,110,2937,137,94
4/9/2022,2,7,102,2632,137,91
4/10/2022,2,7,56,3364,133,92
4/11/2022,2,7,69,3011,135,95
4/12/2022,2,7,96,2761,107,91
4/13/2022,2,7,98,2702,127,97
4/14/2022,2,7,82,3408,135,92
4/15/2022,2,7,92,3463,128,95
4/16/2022,2,7,96,3318,126,95
4/17/2022,2,7,59,3494,126,91
4/18/2022,2,7,73,3114,131,93
4/19/2022,2,7,60,2592,114,91
4/20/2022,2,7,99,3296,125,97
4/21/2022,2,7,82,3312,105,95
4/22/2022,2,7,102,3104,119,93
4/23/2022,2,7,96,3140,125,95
4/24/2022,2,7,79,2875,120,94
4/25/2022,2,7,76,3109,103,91
4/26/2022,2,7,63,2530,109,92
4/27/2022,2,7,76,2756,122,93
4/28/2022,2,7,109,3265,108,91
4/29/2022,2,7,98,3045,118,93
4/30/2022,2,7,92,3168,124,94
5/1/2022,2,7,73,2919,124,93
5/2/2022,2,7,103,3458,103,96
5/3/2022,2,7,85,2718,135,98
5/4/2022,2,7,106,3443,114,94
5/5/2022,2,7,99,3245,118,96
5/6/2022,2,7,116,3255,108,92
5/7/2022,2,7,124,2853,118,97
5/8/2022,2,7,91,3209,108,94
5/9/2022,2,7,76,2512,127,98
5/10/2022,2,7,97,3235,124,98
5/11/2022,2,7,106,3475,120,92
5/12/2022,2,7,107,2737,117,92
5/13/2022,2,7,118,2587,114,93
5/14/2022,2,7,114,2979,129,95
5/15/2022,2,7,49,3277,117,96
5/16/2022,2,7,90,2579,110,96
5/17/2022,2,7,113,3208,131,94
5/18/2022,2,7,88,3161,106,95
5/19/2022,2,7,96,3436,113,98
5/20/2022,2,7,122,2663,118,97
5/21/2022,2,7,130,2601,112,96
5/22/2022,2,7,75,3178,137,97
5/23/2022,2,7,95,2842,107,94
5/24/2022,2,7,97,2606,115,95
5/25/2022,2,7,103,2698,122,94
5/26/2022,2,7,95,2788,105,96
5/27/2022,2,7,90,3033,115,91
5/28/2022,2,7,98,3007,129,93
5/29/2022,2,7,71,2600,117,94
5/30/2022,2,7,79,3202,127,93
5/31/2022,2,7,80,2627,114,92
6/1/2022,2,7,104,2709,104,97
6/2/2022,2,7,106,3111,105,97
6/3/2022,2,7,110,3483,138,91
6/4/2022,2,7,122,2783,112,95
6/5/2022,2,7,83,3074,129,93
6/6/2022,2,7,100,2514,126,92
6/7/2022,2,7,97,3452,128,97
6/8/2022,2,7,95,2800,133,93
6/9/2022,2,7,96,3183,105,93
6/10/2022,2,7,105,3346,111,94
6/11/2022,2,7,93,2739,115,91
6/12/2022,2,7,74,2889,119,92
6/13/2022,2,7,103,3070,119,93
6/14/2022,2,7,102,2887,101,97
6/15/2022,2,7,105,3476,135,93
6/16/2022,2,7,97,3267,118,95
6/17/2022,2,7,115,2799,130,96
6/18/2022,2,7,127,3336,103,93
6/19/2022,2,7,84,3285,113,98
6/20/2022,2,7,98,2712,124,96
6/21/2022,2,7,89,3454,106,98
6/22/2022,2,7,111,2850,109,96
6/23/2022,2,7,112,2987,110,95
6/24/2022,2,7,108,2768,130,97
6/25/2022,2,7,123,3193,118,96
6/26/2022,2,7,79,3062,124,94
6/27/2022,2,7,90,2596,105,96
6/28/2022,2,7,102,2902,124,96
6/29/2022,2,7,84,3242,109,91
6/30/2022,2,7,119,3300,111,96
7/1/2022,2,7,115,3111,108,95
7/2/2022,2,7,130,3191,124,96
7/3/2022,2,7,93,3022,110,93
7/4/2022,2,7,101,2765,122,96
7/5/2022,2,7,104,2530,130,98
7/6/2022,2,7,112,2984,108,93
7/7/2022,2,7,95,2978,112,97
7/8/2022,2,7,128,3333,133,96
7/9/2022,2,7,117,2976,114,97
7/10/2022,2,7,83,2826,118,95
7/11/2022,2,7,99,3361,129,91
7/12/2022,2,7,101,2738,136,94
7/13/2022,2,7,103,3226,121,94
7/14/2022,2,7,128,2547,107,91
7/15/2022,2,7,126,3222,132,98
7/16/2022,2,7,109,2868,105,94
7/17/2022,2,7,104,3331,127,93
7/18/2022,2,7,89,2679,130,98
7/19/2022,2,7,84,3447,114,92
7/20/2022,2,7,116,2543,111,97
7/21/2022,2,7,114,3023,123,98
7/22/2022,2,7,139,3192,102,93
7/23/2022,2,7,134,3437,125,91
7/24/2022,2,7,70,2557,126,98
7/25/2022,2,7,112,3163,119,96
7/26/2022,2,7,101,3496,135,95
7/27/2022,2,7,112,3312,130,94
7/28/2022,2,7,119,3234,113,97
7/29/2022,2,7,113,3089,134,95
7/30/2022,2,7,133,2566,114,98
7/31/2022,2,7,93,2612,135,94
8/1/2022,2,7,91,3453,118,93
8/2/2022,2,7,85,2614,110,91
8/3/2022,2,7,84,3056,108,93
8/4/2022,2,7,90,3155,110,92
8/5/2022,2,7,106,3431,131,97
8/6/2022,2,7,107,3330,110,94
8/7/2022,2,7,86,3027,104,97
8/8/2022,2,7,94,3407,111,97
8/9/2022,2,7,86,2754,104,92
8/10/2022,2,7,112,2998,129,95
8/11/2022,2,7,109,3479,101,93
8/12/2022,2,7,98,3326,102,94
8/13/2022,2,7,124,2894,132,97
8/14/2022,2,7,71,2789,113,91
8/15/2022,2,7,96,2942,104,94
8/16/2022,2,7,81,2574,120,92
8/17/2022,2,7,103,3070,106,97
8/18/2022,2,7,89,2946,132,98
8/19/2022,2,7,108,2693,130,92
8/20/2022,2,7,111,2956,102,92
8/21/2022,2,7,84,2637,135,97
8/22/2022,2,7,93,2817,132,92
8/23/2022,2,7,79,2640,104,96
8/24/2022,2,7,106,3268,126,92
8/25/2022,2,7,88,3398,131,91
8/26/2022,2,7,119,3438,135,92
8/27/2022,2,7,120,3479,136,92
8/28/2022,2,7,92,3012,133,92
8/29/2022,2,7,81,3467,134,96
8/30/2022,2,7,124,2724,134,98
8/31/2022,2,7,91,3106,122,91
9/1/2022,2,7,103,3407,112,95
9/2/2022,2,7,112,2873,109,97
9/3/2022,2,7,84,2714,102,91
9/4/2022,2,7,83,3364,112,93
9/5/2022,2,7,82,3299,128,93
9/6/2022,2,7,77,3002,134,92
9/7/2022,2,7,94,3150,105,94
9/8/2022,2,7,94,3119,115,92
9/9/2022,2,7,104,2938,104,91
9/10/2022,2,7,129,2555,121,96
9/11/2022,2,7,67,3211,102,93
9/12/2022,2,7,79,2582,131,98
9/13/2022,2,7,81,3316,124,97
9/14/2022,2,7,92,3169,121,93
9/15/2022,2,7,92,2726,117,98
9/16/2022,2,7,95,2993,123,93
9/17/2022,2,7,102,2835,132,96
9/18/2022,2,7,73,3101,112,97
9/19/2022,2,7,69,3472,110,98
9/20/2022,2,7,75,3253,135,93
9/21/2022,2,7,74,2944,112,97
9/22/2022,2,7,93,2767,137,94
9/23/2022,2,7,103,2897,108,91
9/24/2022,2,7,102,2841,112,96
9/25/2022,2,7,78,3000,128,93
9/26/2022,2,7,86,2990,127,94
9/27/2022,2,7,76,2646,111,97
9/28/2022,2,7,79,2656,121,98
9/29/2022,2,7,91,2871,124,97
9/30/2022,2,7,89,3021,131,92
10/1/2022,2,7,116,3287,127,91
10/2/2022,2,7,58,3376,111,97
10/3/2022,2,7,69,2611,131,96
10/4/2022,2,7,81,3275,126,92
10/5/2022,2,7,91,3401,121,97
10/6/2022,2,7,77,3232,137,97
10/7/2022,2,7,77,2615,119,98
10/8/2022,2,7,101,2886,137,94
10/9/2022,2,7,59,2662,101,93
10/10/2022,2,7,64,3333,134,94
10/11/2022,2,7,72,3397,113,94
10/12/2022,2,7,96,3067,122,96
10/13/2022,2,7,83,3315,120,97
10/14/2022,2,7,106,3273,106,95
10/15/2022,2,7,103,2758,117,94
10/16/2022,2,7,74,3085,135,97
10/17/2022,2,7,78,3287,106,95
10/18/2022,2,7,82,2926,133,97
10/19/2022,2,7,62,3087,123,92
10/20/2022,2,7,87,2509,105,96
10/21/2022,2,7,101,2972,132,95
10/22/2022,2,7,95,2946,122,97
10/23/2022,2,7,76,3106,114,96
10/24/2022,2,7,80,3407,105,96
10/25/2022,2,7,76,2612,122,97
10/26/2022,2,7,70,3378,104,94
10/27/2022,2,7,92,2744,134,91
10/28/2022,2,7,99,3008,108,94
10/29/2022,2,7,91,3310,103,98
10/30/2022,2,7,62,2716,106,94
10/31/2022,2,7,79,2673,120,98
11/1/2022,2,7,72,2746,128,95
11/2/2022,2,7,91,2531,115,93
11/3/2022,2,7,90,2587,115,96
11/4/2022,2,7,95,3362,116,95
11/5/2022,2,7,125,3412,108,93
11/6/2022,2,7,76,2897,106,93
11/7/2022,2,7,84,2551,135,98
11/8/2022,2,7,83,3223,128,98
11/9/2022,2,7,68,3343,105,98
11/10/2022,2,7,86,3148,136,97
11/11/2022,2,7,99,2550,104,91
11/12/2022,2,7,103,2814,122,91
11/13/2022,2,7,79,2818,101,96
11/14/2022,2,7,93,2681,102,98
11/15/2022,2,7,94,3251,119,92
11/16/2022,2,7,85,2629,133,96
11/17/2022,2,7,94,2697,109,92
11/18/2022,2,7,111,2693,101,98
11/19/2022,2,7,94,3240,120,91
11/20/2022,2,7,76,3246,137,91
11/21/2022,2,7,71,2658,119,98
11/22/2022,2,7,90,2604,107,95
11/23/2022,2,7,87,3445,116,96
11/24/2022,2,7,102,2716,106,91
11/25/2022,2,7,110,3398,124,96
11/26/2022,2,7,106,2669,134,96
11/27/2022,2,7,75,3187,136,97
11/28/2022,2,7,63,2938,130,97
11/29/2022,2,7,93,2852,121,91
11/30/2022,2,7,67,3001,107,94
12/1/2022,2,7,62,3117,106,98
12/2/2022,2,7,73,3304,118,91
12/3/2022,2,7,75,3007,132,95
12/4/2022,2,7,47,3229,114,97
12/5/2022,2,7,58,2970,130,97
12/6/2022,2,7,47,3084,118,98
12/7/2022,2,7,56,2967,106,97
12/8/2022,2,7,78,2948,111,98
12/9/2022,2,7,68,2880,106,94
12/10/2022,2,7,79,2827,115,91
12/11/2022,2,7,42,3248,138,93
12/12/2022,2,7,66,2886,131,94
12/13/2022,2,7,63,3253,130,98
12/14/2022,2,7,52,3000,110,95
12/15/2022,2,7,53,2939,128,98
12/16/2022,2,7,71,3201,108,91
12/17/2022,2,7,78,3345,123,91
12/18/2022,2,7,52,2777,125,97
12/19/2022,2,7,61,3434,109,98
12/20/2022,2,7,44,2785,127,92
12/21/2022,2,7,73,2528,117,98
12/22/2022,2,7,69,2871,109,98
12/23/2022,2,7,71,2683,103,92
12/24/2022,2,7,84,3359,126,98
12/25/2022,2,7,56,2524,130,93
12/26/2022,2,7,55,2718,132,92
12/27/2022,2,7,65,2709,113,96
12/28/2022,2,7,73,3383,110,91
12/29/2022,2,7,69,3296,103,91
12/30/2022,2,7,72,3423,136,97
12/31/2022,2,7,70,2811,120,98
1/1/2018,3,7,40,2747,123,92
1/2/2018,3,7,36,2994,117,94
1/3/2018,3,7,36,3381,115,92
1/4/2018,3,7,38,2641,102,95
1/5/2018,3,7,31,3205,117,94
1/6/2018,3,7,35,3331,107,97
1/7/2018,3,7,27,2804,137,95
1/8/2018,3,7,35,2920,106,92
1/9/2018,3,7,47,3074,133,94
1/10/2018,3,7,41,3249,135,93
1/11/2018,3,7,34,2843,132,94
1/12/2018,3,7,42,2678,119,94
1/13/2018,3,7,43,2737,132,97
1/14/2018,3,7,33,3457,134,94
1/15/2018,3,7,41,3188,119,97
1/16/2018,3,7,33,3423,134,91
1/17/2018,3,7,35,2664,115,97
1/18/2018,3,7,41,3004,107,97
1/19/2018,3,7,48,2987,125,96
1/20/2018,3,7,46,2500,108,98
1/21/2018,3,7,22,2984,128,97
1/22/2018,3,7,32,2594,119,94
1/23/2018,3,7,37,3243,103,96
1/24/2018,3,7,35,2691,109,94
1/25/2018,3,7,40,3234,101,92
1/26/2018,3,7,38,2904,137,93
1/27/2018,3,7,52,2532,130,95
1/28/2018,3,7,28,2672,129,95
1/29/2018,3,7,38,2580,131,91
1/30/2018,3,7,38,3023,105,96
1/31/2018,3,7,35,3142,131,95
2/1/2018,3,7,45,3383,119,98
2/2/2018,3,7,43,2683,125,93
2/3/2018,3,7,53,2945,138,96
2/4/2018,3,7,33,3461,106,93
2/5/2018,3,7,31,2996,131,98
2/6/2018,3,7,31,2916,134,96
2/7/2018,3,7,29,3379,121,91
2/8/2018,3,7,45,2963,113,92
2/9/2018,3,7,42,2807,107,96
2/10/2018,3,7,51,2589,120,92
2/11/2018,3,7,30,3254,128,95
2/12/2018,3,7,39,2791,121,91
2/13/2018,3,7,40,3036,120,96
2/14/2018,3,7,45,2932,132,97
2/15/2018,3,7,41,3010,132,93
2/16/2018,3,7,38,3127,104,92
2/17/2018,3,7,55,3145,102,98
2/18/2018,3,7,33,3004,111,93
2/19/2018,3,7,33,2921,107,93
2/20/2018,3,7,32,3181,129,94
2/21/2018,3,7,41,3363,134,96
2/22/2018,3,7,48,2593,115,91
2/23/2018,3,7,48,2743,137,98
2/24/2018,3,7,54,2883,122,94
2/25/2018,3,7,27,3025,133,91
2/26/2018,3,7,41,3045,128,91
2/27/2018,3,7,35,3493,115,92
2/28/2018,3,7,38,2877,105,97
3/1/2018,3,7,42,2731,109,95
3/2/2018,3,7,41,3287,121,94
3/3/2018,3,7,54,3379,136,98
3/4/2018,3,7,33,3444,120,98
3/5/2018,3,7,46,2591,122,97
3/6/2018,3,7,41,3066,104,93
3/7/2018,3,7,69,2717,117,95
3/8/2018,3,7,51,3322,116,93
3/9/2018,3,7,61,2915,131,94
3/10/2018,3,7,40,2813,119,97
3/11/2018,3,7,45,3128,125,91
3/12/2018,3,7,45,2722,119,94
3/13/2018,3,7,54,3326,134,94
3/14/2018,3,7,54,3136,132,92
3/15/2018,3,7,41,2759,130,96
3/16/2018,3,7,57,2969,133,92
3/17/2018,3,7,54,2954,138,98
3/18/2018,3,7,35,2591,105,91
3/19/2018,3,7,35,2978,112,97
3/20/2018,3,7,37,2578,116,97
3/21/2018,3,7,44,2550,132,93
3/22/2018,3,7,60,3018,124,91
3/23/2018,3,7,60,2558,137,94
3/24/2018,3,7,68,2780,120,98
3/25/2018,3,7,34,2910,135,98
3/26/2018,3,7,35,2998,108,96
3/27/2018,3,7,48,2653,111,96
3/28/2018,3,7,52,3104,138,98
3/29/2018,3,7,48,3123,131,98
3/30/2018,3,7,51,2725,132,95
3/31/2018,3,7,61,2916,127,91
4/1/2018,3,7,40,2928,118,92
4/2/2018,3,7,40,2563,136,93
4/3/2018,3,7,50,2651,128,92
4/4/2018,3,7,63,3101,123,98
4/5/2018,3,7,71,3393,108,93
4/6/2018,3,7,65,2742,107,98
4/7/2018,3,7,71,3030,132,96
4/8/2018,3,7,42,3285,137,93
4/9/2018,3,7,63,2687,116,97
4/10/2018,3,7,60,2838,124,94
4/11/2018,3,7,63,2964,125,92
4/12/2018,3,7,69,3161,117,97
4/13/2018,3,7,64,2771,133,91
4/14/2018,3,7,83,3448,138,95
4/15/2018,3,7,43,3439,102,97
4/16/2018,3,7,55,3195,121,98
4/17/2018,3,7,59,3200,135,96
4/18/2018,3,7,55,3447,138,91
4/19/2018,3,7,70,3226,127,92
4/20/2018,3,7,61,2520,117,95
4/21/2018,3,7,72,3371,127,98
4/22/2018,3,7,53,3015,117,94
4/23/2018,3,7,55,2930,113,94
4/24/2018,3,7,55,3206,127,98
4/25/2018,3,7,50,2882,107,98
4/26/2018,3,7,64,3398,102,92
4/27/2018,3,7,58,2780,114,95
4/28/2018,3,7,71,3309,105,98
4/29/2018,3,7,44,3062,120,97
4/30/2018,3,7,60,2779,116,91
5/1/2018,3,7,46,3137,136,98
5/2/2018,3,7,64,3179,118,97
5/3/2018,3,7,56,3321,110,96
5/4/2018,3,7,76,3385,109,94
5/5/2018,3,7,60,3389,102,91
5/6/2018,3,7,51,2963,119,94
5/7/2018,3,7,45,2803,102,98
5/8/2018,3,7,46,2950,112,92
5/9/2018,3,7,64,2681,116,92
5/10/2018,3,7,64,2733,113,97
5/11/2018,3,7,72,2501,116,96
5/12/2018,3,7,75,3328,105,95
5/13/2018,3,7,51,3467,125,95
5/14/2018,3,7,61,2838,103,91
5/15/2018,3,7,44,3136,132,95
5/16/2018,3,7,67,3044,116,91
5/17/2018,3,7,62,3294,102,91
5/18/2018,3,7,73,2696,118,92
5/19/2018,3,7,78,2630,102,97
5/20/2018,3,7,50,3236,132,98
5/21/2018,3,7,52,3493,129,97
5/22/2018,3,7,63,2556,106,93
5/23/2018,3,7,61,2849,136,92
5/24/2018,3,7,60,3395,119,97
5/25/2018,3,7,65,2586,119,92
5/26/2018,3,7,71,2835,120,97
5/27/2018,3,7,54,3255,129,98
5/28/2018,3,7,75,3376,118,97
5/29/2018,3,7,62,3494,134,96
5/30/2018,3,7,57,3310,137,98
5/31/2018,3,7,63,2794,109,93
6/1/2018,3,7,63,3464,108,97
6/2/2018,3,7,92,3413,123,92
6/3/2018,3,7,47,3083,134,93
6/4/2018,3,7,66,2713,108,95
6/5/2018,3,7,58,3060,127,96
6/6/2018,3,7,78,2998,122,96
6/7/2018,3,7,63,3334,123,95
6/8/2018,3,7,86,3085,112,92
6/9/2018,3,7,72,2521,112,96
6/10/2018,3,7,62,3237,117,98
6/11/2018,3,7,71,2863,132,98
6/12/2018,3,7,61,2958,109,94
6/13/2018,3,7,66,2523,101,92
6/14/2018,3,7,64,3026,107,95
6/15/2018,3,7,81,2558,117,96
6/16/2018,3,7,85,3495,112,97
6/17/2018,3,7,60,2547,117,98
6/18/2018,3,7,64,3115,120,98
6/19/2018,3,7,63,3039,113,97
6/20/2018,3,7,60,2622,104,94
6/21/2018,3,7,53,2983,128,95
6/22/2018,3,7,70,2524,118,91
6/23/2018,3,7,79,2879,105,95
6/24/2018,3,7,51,3371,115,92
6/25/2018,3,7,73,2978,134,96
6/26/2018,3,7,60,3291,112,98
6/27/2018,3,7,73,3153,112,91
6/28/2018,3,7,65,2521,106,98
6/29/2018,3,7,51,2939,115,97
6/30/2018,3,7,91,3080,125,97
7/1/2018,3,7,59,2590,101,95
7/2/2018,3,7,74,3195,110,95
7/3/2018,3,7,71,2898,102,93
7/4/2018,3,7,77,3068,106,93
7/5/2018,3,7,83,3277,118,92
7/6/2018,3,7,88,3277,111,97
7/7/2018,3,7,66,2723,105,93
7/8/2018,3,7,70,2563,123,95
7/9/2018,3,7,52,2955,118,92
7/10/2018,3,7,64,3244,137,96
7/11/2018,3,7,73,2846,107,98
7/12/2018,3,7,89,2799,135,95
7/13/2018,3,7,75,3329,120,98
7/14/2018,3,7,102,2833,131,97
7/15/2018,3,7,54,2927,128,93
7/16/2018,3,7,80,3288,104,95
7/17/2018,3,7,66,3410,130,98
7/18/2018,3,7,64,2984,129,91
7/19/2018,3,7,84,3350,101,92
7/20/2018,3,7,84,3153,113,95
7/21/2018,3,7,67,3010,138,92
7/22/2018,3,7,58,2869,109,91
7/23/2018,3,7,56,2502,128,98
7/24/2018,3,7,62,2510,121,97
7/25/2018,3,7,77,2797,105,95
7/26/2018,3,7,69,2546,115,98
7/27/2018,3,7,80,2582,124,94
7/28/2018,3,7,75,2665,127,94
7/29/2018,3,7,55,3438,113,91
7/30/2018,3,7,85,3388,105,96
7/31/2018,3,7,77,3189,118,91
8/1/2018,3,7,69,2590,138,95
8/2/2018,3,7,63,2643,121,92
8/3/2018,3,7,64,3450,105,96
8/4/2018,3,7,66,3408,108,97
8/5/2018,3,7,46,3184,132,94
8/6/2018,3,7,58,2661,128,97
8/7/2018,3,7,75,3243,102,96
8/8/2018,3,7,60,2578,131,93
8/9/2018,3,7,65,2830,131,95
8/10/2018,3,7,70,3014,134,96
8/11/2018,3,7,80,3052,128,91
8/12/2018,3,7,44,2617,109,95
8/13/2018,3,7,49,2589,109,95
8/14/2018,3,7,62,3084,113,91
8/15/2018,3,7,67,3195,138,91
8/16/2018,3,7,76,2930,113,98
8/17/2018,3,7,83,2584,120,96
8/18/2018,3,7,75,3340,134,96
8/19/2018,3,7,48,2935,113,95
8/20/2018,3,7,41,3161,105,95
8/21/2018,3,7,67,3398,106,91
8/22/2018,3,7,62,2759,101,92
8/23/2018,3,7,60,3472,114,97
8/24/2018,3,7,71,2771,117,96
8/25/2018,3,7,76,2913,105,98
8/26/2018,3,7,73,3364,107,93
8/27/2018,3,7,65,3007,129,93
8/28/2018,3,7,61,2957,130,93
8/29/2018,3,7,74,3086,129,92
8/30/2018,3,7,58,2701,127,91
8/31/2018,3,7,73,2545,115,94
9/1/2018,3,7,64,2587,102,93
9/2/2018,3,7,44,2889,112,91
9/3/2018,3,7,55,2592,107,97
9/4/2018,3,7,61,3131,115,93
9/5/2018,3,7,41,3034,120,96
9/6/2018,3,7,72,3065,136,91
9/7/2018,3,7,62,2566,109,97
9/8/2018,3,7,67,2694,137,94
9/9/2018,3,7,49,2503,123,91
9/10/2018,3,7,58,2831,136,93
9/11/2018,3,7,40,2791,110,97
9/12/2018,3,7,60,2591,118,93
9/13/2018,3,7,62,3132,126,96
9/14/2018,3,7,67,2919,102,98
9/15/2018,3,7,61,2509,123,93
9/16/2018,3,7,46,3389,106,98
9/17/2018,3,7,54,3002,104,91
9/18/2018,3,7,53,3375,121,92
9/19/2018,3,7,56,3382,129,95
9/20/2018,3,7,77,2632,126,93
9/21/2018,3,7,75,3500,111,92
9/22/2018,3,7,73,2650,106,91
9/23/2018,3,7,43,3293,136,98
9/24/2018,3,7,53,3097,111,91
9/25/2018,3,7,53,3319,120,97
9/26/2018,3,7,62,2608,107,92
9/27/2018,3,7,68,2598,112,91
9/28/2018,3,7,75,2619,138,98
9/29/2018,3,7,80,3477,107,94
9/30/2018,3,7,31,3430,105,91
10/1/2018,3,7,33,3118,124,94
10/2/2018,3,7,47,2915,101,97
10/3/2018,3,7,59,2910,102,91
10/4/2018,3,7,61,3414,112,97
10/5/2018,3,7,73,3312,121,96
10/6/2018,3,7,73,2829,104,91
10/7/2018,3,7,40,3232,133,92
10/8/2018,3,7,58,3276,131,96
10/9/2018,3,7,64,2501,133,98
10/10/2018,3,7,47,3251,113,94
10/11/2018,3,7,64,2778,127,98
10/12/2018,3,7,58,2546,122,94
10/13/2018,3,7,54,2945,116,95
10/14/2018,3,7,40,3484,102,94
10/15/2018,3,7,60,3169,113,91
10/16/2018,3,7,63,3279,135,93
10/17/2018,3,7,62,2683,138,95
10/18/2018,3,7,59,2976,135,94
10/19/2018,3,7,56,3317,117,97
10/20/2018,3,7,66,3264,120,91
10/21/2018,3,7,44,3446,108,96
10/22/2018,3,7,60,2622,109,94
10/23/2018,3,7,47,3400,136,92
10/24/2018,3,7,51,3413,102,98
10/25/2018,3,7,67,2567,112,95
10/26/2018,3,7,64,3050,103,91
10/27/2018,3,7,75,2953,120,94
10/28/2018,3,7,42,2582,102,97
10/29/2018,3,7,33,3405,114,94
10/30/2018,3,7,50,2762,117,94
10/31/2018,3,7,64,2663,121,91
11/1/2018,3,7,52,2972,116,97
11/2/2018,3,7,68,2656,124,96
11/3/2018,3,7,76,2906,126,98
11/4/2018,3,7,38,2810,108,91
11/5/2018,3,7,59,2828,126,91
11/6/2018,3,7,56,3187,126,96
11/7/2018,3,7,50,2696,131,96
11/8/2018,3,7,77,3195,120,97
11/9/2018,3,7,68,3112,126,95
11/10/2018,3,7,69,2569,102,98
11/11/2018,3,7,39,3303,109,93
11/12/2018,3,7,45,3272,110,94
11/13/2018,3,7,47,2896,127,97
11/14/2018,3,7,50,3103,126,92
11/15/2018,3,7,64,3407,106,96
11/16/2018,3,7,74,2532,131,91
11/17/2018,3,7,65,2831,129,94
11/18/2018,3,7,41,2652,122,97
11/19/2018,3,7,57,3461,101,93
11/20/2018,3,7,57,2694,119,96
11/21/2018,3,7,56,2563,106,93
11/22/2018,3,7,58,3380,120,98
11/23/2018,3,7,54,2939,137,95
11/24/2018,3,7,83,3110,120,94
11/25/2018,3,7,46,3476,129,93
11/26/2018,3,7,48,3486,114,98
11/27/2018,3,7,47,2732,126,93
11/28/2018,3,7,60,3180,109,91
11/29/2018,3,7,67,3141,134,97
11/30/2018,3,7,61,3264,120,94
12/1/2018,3,7,46,3453,119,94
12/2/2018,3,7,43,2786,116,97
12/3/2018,3,7,29,2609,117,96
12/4/2018,3,7,44,2912,126,91
12/5/2018,3,7,32,2703,124,95
12/6/2018,3,7,33,2924,130,92
12/7/2018,3,7,43,3230,111,97
12/8/2018,3,7,59,3431,107,95
12/9/2018,3,7,32,2508,104,91
12/10/2018,3,7,35,2676,110,98
12/11/2018,3,7,43,3362,113,91
12/12/2018,3,7,42,3091,120,95
12/13/2018,3,7,32,3362,112,95
12/14/2018,3,7,50,3436,118,98
12/15/2018,3,7,52,3325,124,96
12/16/2018,3,7,33,2817,137,93
12/17/2018,3,7,43,3324,124,98
12/18/2018,3,7,31,2561,119,97
12/19/2018,3,7,40,3044,130,94
12/20/2018,3,7,52,2948,105,91
12/21/2018,3,7,44,2577,105,91
12/22/2018,3,7,47,2816,108,93
12/23/2018,3,7,39,3373,134,91
12/24/2018,3,7,40,2688,112,94
12/25/2018,3,7,45,3252,131,93
12/26/2018,3,7,40,3450,132,92
12/27/2018,3,7,41,2605,128,96
12/28/2018,3,7,34,3054,136,97
12/29/2018,3,7,49,2862,117,97
12/30/2018,3,7,35,2601,130,92
12/31/2018,3,7,36,3238,134,95
1/1/2019,3,7,47,3139,130,91
1/2/2019,3,7,41,2902,106,98
1/3/2019,3,7,39,2851,116,98
1/4/2019,3,7,44,3333,109,93
1/5/2019,3,7,48,3236,118,96
1/6/2019,3,7,31,3290,124,95
1/7/2019,3,7,39,2945,115,91
1/8/2019,3,7,40,3014,128,97
1/9/2019,3,7,48,2630,135,94
1/10/2019,3,7,46,2868,135,96
1/11/2019,3,7,54,2683,121,97
1/12/2019,3,7,52,2888,138,95
1/13/2019,3,7,34,2995,118,94
1/14/2019,3,7,47,2616,105,92
1/15/2019,3,7,42,2820,133,94
1/16/2019,3,7,36,2846,134,93
1/17/2019,3,7,35,3297,101,95
1/18/2019,3,7,54,2687,128,94
1/19/2019,3,7,46,2982,136,95
1/20/2019,3,7,40,3323,119,96
1/21/2019,3,7,33,3362,125,98
1/22/2019,3,7,38,3315,109,97
1/23/2019,3,7,54,2932,125,94
1/24/2019,3,7,55,2616,103,96
1/25/2019,3,7,51,3084,102,93
1/26/2019,3,7,59,2794,138,92
1/27/2019,3,7,32,3316,101,92
1/28/2019,3,7,39,3097,115,93
1/29/2019,3,7,43,2745,105,95
1/30/2019,3,7,55,3498,120,97
1/31/2019,3,7,43,3318,118,93
2/1/2019,3,7,62,3230,122,93
2/2/2019,3,7,56,3366,131,94
2/3/2019,3,7,41,2920,109,92
2/4/2019,3,7,39,2817,108,93
2/5/2019,3,7,43,3215,105,94
2/6/2019,3,7,54,3457,112,92
2/7/2019,3,7,60,3032,123,92
2/8/2019,3,7,54,3009,119,92
2/9/2019,3,7,63,2677,109,94
2/10/2019,3,7,37,3128,107,96
2/11/2019,3,7,45,2657,138,93
2/12/2019,3,7,52,3091,116,95
2/13/2019,3,7,42,2668,138,98
2/14/2019,3,7,46,2695,125,96
2/15/2019,3,7,60,2721,137,91
2/16/2019,3,7,61,3194,111,97
2/17/2019,3,7,35,3166,138,91
2/18/2019,3,7,22,3194,107,93
2/19/2019,3,7,50,2745,129,94
2/20/2019,3,7,52,3385,137,97
2/21/2019,3,7,45,3240,138,96
2/22/2019,3,7,50,2987,131,93
2/23/2019,3,7,60,2859,114,95
2/24/2019,3,7,37,3097,124,96
2/25/2019,3,7,33,3498,122,93
2/26/2019,3,7,59,2656,113,94
2/27/2019,3,7,56,3416,121,97
2/28/2019,3,7,46,2678,105,96
3/1/2019,3,7,66,2789,106,93
3/2/2019,3,7,71,2928,136,95
3/3/2019,3,7,39,3110,107,93
3/4/2019,3,7,71,2827,110,95
3/5/2019,3,7,58,3306,117,95
3/6/2019,3,7,73,3197,103,92
3/7/2019,3,7,51,3150,112,96
3/8/2019,3,7,69,2903,132,94
3/9/2019,3,7,69,2704,127,91
3/10/2019,3,7,51,2892,134,94
3/11/2019,3,7,59,2585,127,92
3/12/2019,3,7,53,2619,130,92
3/13/2019,3,7,57,2956,114,96
3/14/2019,3,7,47,2940,134,92
3/15/2019,3,7,57,2611,110,94
3/16/2019,3,7,75,3323,106,92
3/17/2019,3,7,38,3197,111,94
3/18/2019,3,7,60,2766,129,92
3/19/2019,3,7,60,3370,121,95
3/20/2019,3,7,68,3463,121,96
3/21/2019,3,7,59,2632,116,92
3/22/2019,3,7,69,2690,135,96
3/23/2019,3,7,62,3177,113,95
3/24/2019,3,7,51,3134,102,98
3/25/2019,3,7,52,3312,106,93
3/26/2019,3,7,39,2741,109,91
3/27/2019,3,7,55,3430,116,94
3/28/2019,3,7,70,2897,134,97
3/29/2019,3,7,63,2701,131,92
3/30/2019,3,7,79,2800,123,94
3/31/2019,3,7,41,3179,131,95
4/1/2019,3,7,76,2549,118,94
4/2/2019,3,7,54,2622,102,94
4/3/2019,3,7,72,3377,116,94
4/4/2019,3,7,83,3341,102,97
4/5/2019,3,7,75,3052,121,96
4/6/2019,3,7,84,3051,137,91
4/7/2019,3,7,47,2843,102,93
4/8/2019,3,7,69,3481,125,91
4/9/2019,3,7,63,3065,101,96
4/10/2019,3,7,48,3235,108,93
4/11/2019,3,7,73,2652,131,92
4/12/2019,3,7,91,3151,109,98
4/13/2019,3,7,88,3250,122,96
4/14/2019,3,7,60,2532,103,91
4/15/2019,3,7,66,3306,103,94
4/16/2019,3,7,61,3417,116,98
4/17/2019,3,7,76,3418,123,95
4/18/2019,3,7,67,3070,118,96
4/19/2019,3,7,89,2596,108,94
4/20/2019,3,7,75,3386,113,91
4/21/2019,3,7,41,3434,117,93
4/22/2019,3,7,55,3156,134,98
4/23/2019,3,7,61,2790,117,95
4/24/2019,3,7,64,3434,109,94
4/25/2019,3,7,84,3267,135,92
4/26/2019,3,7,80,2762,123,97
4/27/2019,3,7,95,3335,101,94
4/28/2019,3,7,56,3411,127,95
4/29/2019,3,7,71,2959,124,95
4/30/2019,3,7,64,2745,123,91
5/1/2019,3,7,46,2539,131,93
5/2/2019,3,7,79,2735,138,94
5/3/2019,3,7,71,3036,132,94
5/4/2019,3,7,76,3095,104,91
5/5/2019,3,7,67,2778,124,91
5/6/2019,3,7,72,2697,130,95
5/7/2019,3,7,64,2759,132,97
5/8/2019,3,7,68,2876,107,93
5/9/2019,3,7,73,2849,130,97
5/10/2019,3,7,103,2694,113,91
5/11/2019,3,7,84,2984,133,94
5/12/2019,3,7,59,3177,113,97
5/13/2019,3,7,72,2866,118,93
5/14/2019,3,7,56,3417,127,95
5/15/2019,3,7,65,2918,101,97
5/16/2019,3,7,65,3011,123,94
5/17/2019,3,7,84,2522,121,92
5/18/2019,3,7,76,2951,101,95
5/19/2019,3,7,51,3411,129,96
5/20/2019,3,7,71,2972,130,96
5/21/2019,3,7,45,3217,103,93
5/22/2019,3,7,73,2766,119,98
5/23/2019,3,7,75,3147,132,96
5/24/2019,3,7,78,2898,104,92
5/25/2019,3,7,90,2986,118,96
5/26/2019,3,7,60,3469,130,98
5/27/2019,3,7,62,2807,114,95
5/28/2019,3,7,56,3474,108,95
5/29/2019,3,7,73,3307,136,92
5/30/2019,3,7,60,3235,118,93
5/31/2019,3,7,92,3200,116,95
6/1/2019,3,7,95,3111,118,92
6/2/2019,3,7,60,2788,117,91
6/3/2019,3,7,72,3378,128,96
6/4/2019,3,7,69,2526,130,94
6/5/2019,3,7,79,2605,129,93
6/6/2019,3,7,78,2860,105,98
6/7/2019,3,7,94,2900,113,98
6/8/2019,3,7,97,3202,102,92
6/9/2019,3,7,53,3354,112,93
6/10/2019,3,7,60,2895,134,93
6/11/2019,3,7,64,3009,105,91
6/12/2019,3,7,86,3241,132,98
6/13/2019,3,7,81,3203,137,98
6/14/2019,3,7,85,3357,125,92
6/15/2019,3,7,93,3404,105,92
6/16/2019,3,7,70,2984,119,92
6/17/2019,3,7,74,3481,131,96
6/18/2019,3,7,62,2713,131,97
6/19/2019,3,7,82,2878,138,95
6/20/2019,3,7,79,3115,114,91
6/21/2019,3,7,93,3309,136,95
6/22/2019,3,7,86,3476,138,93
6/23/2019,3,7,77,3398,117,95
6/24/2019,3,7,84,2653,112,95
6/25/2019,3,7,62,2574,101,98
6/26/2019,3,7,74,3463,106,98
6/27/2019,3,7,89,3313,105,95
6/28/2019,3,7,86,3411,115,96
6/29/2019,3,7,98,3348,134,97
6/30/2019,3,7,59,3103,125,95
7/1/2019,3,7,80,2931,101,97
7/2/2019,3,7,72,2503,121,95
7/3/2019,3,7,68,2872,105,96
7/4/2019,3,7,83,3053,134,95
7/5/2019,3,7,89,3365,106,92
7/6/2019,3,7,103,2803,101,98
7/7/2019,3,7,66,2679,134,91
7/8/2019,3,7,71,3250,112,95
7/9/2019,3,7,70,3272,134,93
7/10/2019,3,7,79,2662,107,94
7/11/2019,3,7,96,2551,135,98
7/12/2019,3,7,97,3072,102,91
7/13/2019,3,7,101,3058,114,94
7/14/2019,3,7,59,2987,125,91
7/15/2019,3,7,86,3243,131,96
7/16/2019,3,7,69,3073,105,91
7/17/2019,3,7,63,2613,118,95
7/18/2019,3,7,84,2506,118,95
7/19/2019,3,7,107,2901,117,96
7/20/2019,3,7,110,3360,114,94
7/21/2019,3,7,50,2654,114,94
7/22/2019,3,7,66,2785,116,94
7/23/2019,3,7,63,2528,121,95
7/24/2019,3,7,91,3472,111,93
7/25/2019,3,7,79,2977,120,96
7/26/2019,3,7,83,3047,136,95
7/27/2019,3,7,98,3044,114,93
7/28/2019,3,7,69,2581,120,91
7/29/2019,3,7,88,3075,136,94
7/30/2019,3,7,69,2960,119,92
7/31/2019,3,7,87,2736,132,97
8/1/2019,3,7,89,2786,107,91
8/2/2019,3,7,66,2684,136,98
8/3/2019,3,7,80,3378,118,94
8/4/2019,3,7,51,3209,132,94
8/5/2019,3,7,65,2559,107,92
8/6/2019,3,7,72,3179,138,94
8/7/2019,3,7,73,2518,107,95
8/8/2019,3,7,59,2567,131,96
8/9/2019,3,7,78,3155,110,97
8/10/2019,3,7,87,3217,121,94
8/11/2019,3,7,47,3403,126,96
8/12/2019,3,7,77,3240,128,96
8/13/2019,3,7,61,2702,135,93
8/14/2019,3,7,58,3234,134,97
8/15/2019,3,7,91,3129,124,91
8/16/2019,3,7,87,3178,122,97
8/17/2019,3,7,77,2536,130,98
8/18/2019,3,7,48,3100,131,93
8/19/2019,3,7,64,3037,115,93
8/20/2019,3,7,71,3404,133,98
8/21/2019,3,7,77,2754,108,96
8/22/2019,3,7,86,2896,103,91
8/23/2019,3,7,85,3434,122,96
8/24/2019,3,7,86,2613,126,96
8/25/2019,3,7,56,2934,118,97
8/26/2019,3,7,69,3240,129,91
8/27/2019,3,7,53,2716,138,98
8/28/2019,3,7,63,2861,124,93
8/29/2019,3,7,80,2598,108,92
8/30/2019,3,7,81,3457,129,95
8/31/2019,3,7,76,3395,137,93
9/1/2019,3,7,54,2705,131,94
9/2/2019,3,7,51,3174,102,97
9/3/2019,3,7,66,3264,118,93
9/4/2019,3,7,70,2766,106,95
9/5/2019,3,7,73,3224,109,92
9/6/2019,3,7,77,3189,129,97
9/7/2019,3,7,67,2511,113,98
9/8/2019,3,7,47,3429,121,91
9/9/2019,3,7,48,3417,126,93
9/10/2019,3,7,57,2956,129,97
9/11/2019,3,7,69,3494,103,91
9/12/2019,3,7,69,3147,127,94
9/13/2019,3,7,85,3000,117,95
9/14/2019,3,7,70,3022,121,96
9/15/2019,3,7,65,3452,119,97
9/16/2019,3,7,57,3005,102,95
9/17/2019,3,7,59,2916,125,93
9/18/2019,3,7,67,3348,136,97
9/19/2019,3,7,69,3227,127,96
9/20/2019,3,7,92,2854,105,92
9/21/2019,3,7,80,3211,129,97
9/22/2019,3,7,61,2704,101,98
9/23/2019,3,7,57,3328,121,98
9/24/2019,3,7,60,3109,126,95
9/25/2019,3,7,59,2866,109,96
9/26/2019,3,7,66,2957,137,91
9/27/2019,3,7,79,2628,131,91
9/28/2019,3,7,71,3331,125,93
9/29/2019,3,7,51,3185,129,91
9/30/2019,3,7,73,3004,137,97
10/1/2019,3,7,58,2809,114,93
10/2/2019,3,7,69,3374,106,94
10/3/2019,3,7,65,2951,125,93
10/4/2019,3,7,59,3067,122,98
10/5/2019,3,7,88,2997,127,94
10/6/2019,3,7,51,2968,110,93
10/7/2019,3,7,58,2752,130,91
10/8/2019,3,7,53,3344,104,95
10/9/2019,3,7,52,3381,123,96
10/10/2019,3,7,76,2816,105,98
10/11/2019,3,7,61,2841,124,94
10/12/2019,3,7,76,2586,105,92
10/13/2019,3,7,45,2943,102,92
10/14/2019,3,7,56,2968,123,94
10/15/2019,3,7,49,2766,113,95
10/16/2019,3,7,55,2741,101,93
10/17/2019,3,7,56,2995,110,94
10/18/2019,3,7,66,3131,103,93
10/19/2019,3,7,74,2854,115,93
10/20/2019,3,7,51,2698,113,96
10/21/2019,3,7,58,3254,135,95
10/22/2019,3,7,55,3134,130,94
10/23/2019,3,7,70,3198,131,96
10/24/2019,3,7,80,3122,112,91
10/25/2019,3,7,78,2848,137,93
10/26/2019,3,7,90,3347,119,97
10/27/2019,3,7,41,3350,136,93
10/28/2019,3,7,61,3305,134,95
10/29/2019,3,7,43,3190,114,98
10/30/2019,3,7,47,2822,137,98
10/31/2019,3,7,65,3373,102,93
11/1/2019,3,7,76,3368,102,96
11/2/2019,3,7,81,3206,117,97
11/3/2019,3,7,64,2526,117,94
11/4/2019,3,7,50,3381,126,93
11/5/2019,3,7,57,3498,103,97
11/6/2019,3,7,78,3248,117,94
11/7/2019,3,7,64,2850,108,93
11/8/2019,3,7,76,2738,112,92
11/9/2019,3,7,77,2524,119,92
11/10/2019,3,7,46,3334,107,94
11/11/2019,3,7,66,2516,113,96
11/12/2019,3,7,71,3279,126,96
11/13/2019,3,7,69,2607,102,93
11/14/2019,3,7,80,2560,136,95
11/15/2019,3,7,59,2729,116,96
11/16/2019,3,7,68,3202,136,95
11/17/2019,3,7,49,3178,108,93
11/18/2019,3,7,57,2977,126,98
11/19/2019,3,7,66,2830,101,97
11/20/2019,3,7,66,3266,127,92
11/21/2019,3,7,59,2604,132,98
11/22/2019,3,7,88,2669,132,98
11/23/2019,3,7,79,2550,125,94
11/24/2019,3,7,61,3395,106,94
11/25/2019,3,7,63,3316,137,97
11/26/2019,3,7,65,2973,125,98
11/27/2019,3,7,59,3191,119,98
11/28/2019,3,7,78,3105,111,94
11/29/2019,3,7,68,2715,106,96
11/30/2019,3,7,73,3298,112,93
12/1/2019,3,7,44,2922,127,98
12/2/2019,3,7,48,3448,107,93
12/3/2019,3,7,37,3059,102,98
12/4/2019,3,7,51,3455,127,95
12/5/2019,3,7,45,2753,111,92
12/6/2019,3,7,49,3047,128,91
12/7/2019,3,7,73,2559,127,97
12/8/2019,3,7,36,3208,102,91
12/9/2019,3,7,48,2666,120,91
12/10/2019,3,7,51,2537,117,98
12/11/2019,3,7,54,2794,127,92
12/12/2019,3,7,33,2529,128,93
12/13/2019,3,7,66,3104,113,98
12/14/2019,3,7,64,2586,106,93
12/15/2019,3,7,43,3134,124,95
12/16/2019,3,7,40,3129,119,97
12/17/2019,3,7,50,2770,134,92
12/18/2019,3,7,47,2742,101,91
12/19/2019,3,7,60,2521,105,92
12/20/2019,3,7,46,3034,133,91
12/21/2019,3,7,60,3225,129,96
12/22/2019,3,7,33,3048,138,96
12/23/2019,3,7,48,3443,109,98
12/24/2019,3,7,49,3416,129,97
12/25/2019,3,7,52,3251,116,93
12/26/2019,3,7,55,3206,116,94
12/27/2019,3,7,56,3295,122,98
12/28/2019,3,7,66,2520,105,94
12/29/2019,3,7,36,2706,122,95
12/30/2019,3,7,39,3217,118,93
12/31/2019,3,7,42,3477,138,93
1/1/2020,3,7,39,3476,120,98
1/2/2020,3,7,63,3055,114,93
1/3/2020,3,7,53,2643,138,96
1/4/2020,3,7,47,2633,120,98
1/5/2020,3,7,43,3262,101,95
1/6/2020,3,7,42,2957,117,95
1/7/2020,3,7,42,3138,131,93
1/8/2020,3,7,52,2889,108,96
1/9/2020,3,7,41,2542,108,91
1/10/2020,3,7,54,2599,107,94
1/11/2020,3,7,50,2685,117,93
1/12/2020,3,7,36,2766,105,94
1/13/2020,3,7,49,2903,119,97
1/14/2020,3,7,46,3010,116,98
1/15/2020,3,7,38,2959,119,95
1/16/2020,3,7,45,2857,138,98
1/17/2020,3,7,48,2899,117,93
1/18/2020,3,7,56,2506,134,95
1/19/2020,3,7,30,3014,117,93
1/20/2020,3,7,39,2963,124,96
1/21/2020,3,7,39,2746,116,95
1/22/2020,3,7,43,2799,116,98
1/23/2020,3,7,45,2877,129,98
1/24/2020,3,7,41,2680,123,97
1/25/2020,3,7,59,3158,109,97
1/26/2020,3,7,26,3151,105,92
1/27/2020,3,7,37,2920,128,92
1/28/2020,3,7,41,3298,120,92
1/29/2020,3,7,40,3034,114,98
1/30/2020,3,7,41,3160,115,98
1/31/2020,3,7,41,2739,108,97
2/1/2020,3,7,70,2563,131,96
2/2/2020,3,7,41,2521,128,91
2/3/2020,3,7,39,3068,119,93
2/4/2020,3,7,49,3283,105,93
2/5/2020,3,7,46,2943,129,97
2/6/2020,3,7,50,2789,120,96
2/7/2020,3,7,61,2924,126,95
2/8/2020,3,7,70,3194,137,92
2/9/2020,3,7,46,2949,134,98
2/10/2020,3,7,52,2777,104,98
2/11/2020,3,7,49,3282,113,92
2/12/2020,3,7,48,3361,137,92
2/13/2020,3,7,72,2519,131,95
2/14/2020,3,7,56,3085,108,92
2/15/2020,3,7,56,3455,128,92
2/16/2020,3,7,38,3406,111,96
2/17/2020,3,7,48,3234,110,91
2/18/2020,3,7,48,3071,115,95
2/19/2020,3,7,50,2860,132,97
2/20/2020,3,7,49,2916,125,93
2/21/2020,3,7,50,3494,132,96
2/22/2020,3,7,53,2972,122,98
2/23/2020,3,7,36,2676,104,93
2/24/2020,3,7,48,3489,120,91
2/25/2020,3,7,52,2647,104,94
2/26/2020,3,7,44,3066,117,93
2/27/2020,3,7,53,3027,133,98
2/28/2020,3,7,48,3314,113,92
3/1/2020,3,7,71,2707,109,96
3/2/2020,3,7,41,3392,109,94
3/3/2020,3,7,48,3123,118,92
3/4/2020,3,7,63,2756,109,94
3/5/2020,3,7,77,3300,109,96
3/6/2020,3,7,64,3244,137,95
3/7/2020,3,7,71,2836,118,91
3/8/2020,3,7,83,3486,116,96
3/9/2020,3,7,39,2954,117,95
3/10/2020,3,7,50,2625,128,93
3/11/2020,3,7,70,3385,102,96
3/12/2020,3,7,61,2820,113,93
3/13/2020,3,7,71,3035,102,95
3/14/2020,3,7,69,2951,120,98
3/15/2020,3,7,72,3191,109,93
3/16/2020,3,7,44,3202,133,93
3/17/2020,3,7,58,2632,126,94
3/18/2020,3,7,46,2953,109,95
3/19/2020,3,7,59,2736,138,93
3/20/2020,3,7,70,3065,117,94
3/21/2020,3,7,68,3211,110,93
3/22/2020,3,7,85,3003,119,94
3/23/2020,3,7,48,2834,103,94
3/24/2020,3,7,57,2693,110,92
3/25/2020,3,7,58,3060,130,97
3/26/2020,3,7,73,2699,102,95
3/27/2020,3,7,37,2599,105,96
3/28/2020,3,7,75,2523,105,93
3/29/2020,3,7,84,3323,127,95
3/30/2020,3,7,48,3157,110,92
3/31/2020,3,7,50,2597,132,95
4/1/2020,3,7,57,3296,136,93
4/2/2020,3,7,74,2674,107,91
4/3/2020,3,7,70,2717,120,92
4/4/2020,3,7,64,3309,103,91
4/5/2020,3,7,77,3140,130,97
4/6/2020,3,7,68,3286,108,91
4/7/2020,3,7,65,3499,135,96
4/8/2020,3,7,58,2722,138,91
4/9/2020,3,7,55,2933,109,92
4/10/2020,3,7,93,2937,129,92
4/11/2020,3,7,80,2531,124,97
4/12/2020,3,7,83,2684,106,94
4/13/2020,3,7,48,3452,124,97
4/14/2020,3,7,70,2589,126,98
4/15/2020,3,7,62,2701,106,94
4/16/2020,3,7,66,2572,131,91
4/17/2020,3,7,70,2520,105,97
4/18/2020,3,7,77,2620,112,93
4/19/2020,3,7,96,2629,112,94
4/20/2020,3,7,43,2837,107,94
4/21/2020,3,7,65,2643,138,92
4/22/2020,3,7,62,3137,110,98
4/23/2020,3,7,72,2500,135,93
4/24/2020,3,7,72,3269,131,91
4/25/2020,3,7,81,2994,111,95
4/26/2020,3,7,89,2558,137,92
4/27/2020,3,7,48,3442,107,93
4/28/2020,3,7,58,3139,120,98
4/29/2020,3,7,53,2987,127,97
4/30/2020,3,7,69,2936,105,96
5/1/2020,3,7,81,2955,112,92
5/2/2020,3,7,84,2539,133,93
5/3/2020,3,7,77,3364,136,96
5/4/2020,3,7,80,3327,127,92
5/5/2020,3,7,76,2713,122,98
5/6/2020,3,7,71,3149,131,93
5/7/2020,3,7,57,2721,110,92
5/8/2020,3,7,70,3286,114,92
5/9/2020,3,7,76,2668,109,95
5/10/2020,3,7,85,2710,103,93
5/11/2020,3,7,53,2726,106,93
5/12/2020,3,7,69,3412,128,94
5/13/2020,3,7,82,2873,104,97
5/14/2020,3,7,64,2792,138,96
5/15/2020,3,7,89,2572,137,98
5/16/2020,3,7,97,2519,136,97
5/17/2020,3,7,82,3464,134,96
5/18/2020,3,7,50,2672,134,95
5/19/2020,3,7,70,3041,113,92
5/20/2020,3,7,84,3323,138,96
5/21/2020,3,7,74,3137,128,91
5/22/2020,3,7,65,2745,136,97
5/23/2020,3,7,75,2888,132,96
5/24/2020,3,7,86,3036,106,93
5/25/2020,3,7,60,2926,132,94
5/26/2020,3,7,67,2571,126,96
5/27/2020,3,7,68,3485,101,94
5/28/2020,3,7,75,3111,122,93
5/29/2020,3,7,95,3038,117,98
5/30/2020,3,7,90,3443,135,98
5/31/2020,3,7,71,2920,117,96
6/1/2020,3,7,62,3277,138,94
6/2/2020,3,7,71,2951,105,96
6/3/2020,3,7,89,2945,130,92
6/4/2020,3,7,96,2614,123,95
6/5/2020,3,7,83,3279,114,93
6/6/2020,3,7,99,2519,125,92
6/7/2020,3,7,86,2835,121,94
6/8/2020,3,7,50,2920,129,96
6/9/2020,3,7,68,3144,113,94
6/10/2020,3,7,88,3253,104,97
6/11/2020,3,7,74,3212,124,96
6/12/2020,3,7,88,2997,116,95
6/13/2020,3,7,97,3435,135,97
6/14/2020,3,7,87,3236,109,98
6/15/2020,3,7,57,2991,116,93
6/16/2020,3,7,100,3317,125,96
6/17/2020,3,7,60,2971,128,93
6/18/2020,3,7,78,3398,133,98
6/19/2020,3,7,92,3256,110,94
6/20/2020,3,7,96,2842,122,92
6/21/2020,3,7,108,2970,134,93
6/22/2020,3,7,75,3377,109,95
6/23/2020,3,7,65,3120,115,98
6/24/2020,3,7,64,2627,120,98
6/25/2020,3,7,56,3033,132,91
6/26/2020,3,7,99,2652,107,94
6/27/2020,3,7,94,3026,108,92
6/28/2020,3,7,101,3434,122,95
6/29/2020,3,7,80,2588,103,95
6/30/2020,3,7,71,2596,126,98
7/1/2020,3,7,65,3312,121,95
7/2/2020,3,7,78,3145,119,98
7/3/2020,3,7,88,2634,131,94
7/4/2020,3,7,101,3362,114,92
7/5/2020,3,7,109,3163,126,97
7/6/2020,3,7,52,2516,103,94
7/7/2020,3,7,88,3183,101,91
7/8/2020,3,7,80,3473,130,98
7/9/2020,3,7,97,2504,136,93
7/10/2020,3,7,108,3246,104,92
7/11/2020,3,7,91,3057,112,97
7/12/2020,3,7,96,2757,112,96
7/13/2020,3,7,58,3350,128,92
7/14/2020,3,7,74,2780,103,94
7/15/2020,3,7,73,3271,137,98
7/16/2020,3,7,96,3477,131,96
7/17/2020,3,7,95,2762,104,95
7/18/2020,3,7,90,2831,105,96
7/19/2020,3,7,102,2827,115,92
7/20/2020,3,7,64,2932,117,98
7/21/2020,3,7,79,2647,122,92
7/22/2020,3,7,76,2751,127,93
7/23/2020,3,7,94,2753,116,97
7/24/2020,3,7,103,3441,128,93
7/25/2020,3,7,87,3281,121,98
7/26/2020,3,7,89,3054,101,97
7/27/2020,3,7,67,3493,110,96
7/28/2020,3,7,65,3322,108,96
7/29/2020,3,7,69,3393,111,91
7/30/2020,3,7,96,3395,115,93
7/31/2020,3,7,103,2561,126,91
8/1/2020,3,7,88,2547,104,92
8/2/2020,3,7,89,3368,126,91
8/3/2020,3,7,61,2849,109,91
8/4/2020,3,7,66,3169,130,95
8/5/2020,3,7,67,3137,103,96
8/6/2020,3,7,59,3445,121,92
8/7/2020,3,7,75,2686,112,98
8/8/2020,3,7,69,3116,135,95
8/9/2020,3,7,91,3251,113,98
8/10/2020,3,7,59,2941,120,92
8/11/2020,3,7,49,2747,121,98
8/12/2020,3,7,71,3243,108,93
8/13/2020,3,7,80,2969,112,91
8/14/2020,3,7,70,3229,117,91
8/15/2020,3,7,93,3408,125,91
8/16/2020,3,7,95,3220,126,97
8/17/2020,3,7,60,2824,134,95
8/18/2020,3,7,67,3016,128,96
8/19/2020,3,7,68,3263,116,93
8/20/2020,3,7,86,2868,119,96
8/21/2020,3,7,88,2936,135,91
8/22/2020,3,7,75,3092,118,92
8/23/2020,3,7,96,3018,102,98
8/24/2020,3,7,63,3432,127,96
8/25/2020,3,7,74,3290,123,95
8/26/2020,3,7,64,3377,136,98
8/27/2020,3,7,63,3374,105,96
8/28/2020,3,7,69,3242,122,96
8/29/2020,3,7,83,3014,119,91
8/30/2020,3,7,88,3242,105,98
8/31/2020,3,7,65,3126,116,95
9/1/2020,3,7,63,2744,111,92
9/2/2020,3,7,63,3096,134,95
9/3/2020,3,7,64,2994,115,96
9/4/2020,3,7,74,3279,131,92
9/5/2020,3,7,76,2633,130,91
9/6/2020,3,7,79,3248,129,96
9/7/2020,3,7,43,2793,102,91
9/8/2020,3,7,63,3389,133,93
9/9/2020,3,7,76,3104,107,93
9/10/2020,3,7,86,3070,131,91
9/11/2020,3,7,68,3036,117,98
9/12/2020,3,7,68,3389,121,97
9/13/2020,3,7,80,3225,127,91
9/14/2020,3,7,57,3252,128,93
9/15/2020,3,7,65,2820,101,92
9/16/2020,3,7,64,2802,114,97
9/17/2020,3,7,66,3195,130,95
9/18/2020,3,7,89,3310,133,98
9/19/2020,3,7,81,3432,136,95
9/20/2020,3,7,78,2699,119,96
9/21/2020,3,7,61,2721,136,94
9/22/2020,3,7,63,3117,110,96
9/23/2020,3,7,65,3415,104,91
9/24/2020,3,7,68,3366,104,97
9/25/2020,3,7,78,2990,121,97
9/26/2020,3,7,92,2829,115,95
9/27/2020,3,7,84,2881,136,93
9/28/2020,3,7,53,3471,122,95
9/29/2020,3,7,67,3441,119,93
9/30/2020,3,7,65,3301,118,97
10/1/2020,3,7,65,2889,113,97
10/2/2020,3,7,54,2515,135,94
10/3/2020,3,7,74,3015,134,94
10/4/2020,3,7,84,2602,107,98
10/5/2020,3,7,47,3395,128,97
10/6/2020,3,7,62,3284,117,93
10/7/2020,3,7,58,3320,132,94
10/8/2020,3,7,65,2794,116,95
10/9/2020,3,7,73,3387,132,94
10/10/2020,3,7,80,2776,124,97
10/11/2020,3,7,72,2506,104,96
10/12/2020,3,7,52,3443,113,93
10/13/2020,3,7,65,3084,111,97
10/14/2020,3,7,45,3405,127,91
10/15/2020,3,7,57,2832,104,97
10/16/2020,3,7,77,2890,122,92
10/17/2020,3,7,76,2940,114,97
10/18/2020,3,7,93,3370,109,98
10/19/2020,3,7,59,3362,127,91
10/20/2020,3,7,68,2869,126,96
10/21/2020,3,7,55,3361,135,96
10/22/2020,3,7,64,3267,127,91
10/23/2020,3,7,69,2693,102,94
10/24/2020,3,7,65,2915,103,95
10/25/2020,3,7,72,3158,115,98
10/26/2020,3,7,51,3243,122,93
10/27/2020,3,7,67,2936,134,97
10/28/2020,3,7,48,3477,126,94
10/29/2020,3,7,70,2719,106,94
10/30/2020,3,7,74,3225,120,96
10/31/2020,3,7,74,2600,135,94
11/1/2020,3,7,81,2953,126,97
11/2/2020,3,7,48,3015,112,93
11/3/2020,3,7,61,2629,122,95
11/4/2020,3,7,76,3028,113,94
11/5/2020,3,7,75,2522,116,94
11/6/2020,3,7,87,3395,130,98
11/7/2020,3,7,65,2812,135,98
11/8/2020,3,7,75,3427,108,93
11/9/2020,3,7,46,3166,108,98
11/10/2020,3,7,63,3156,115,94
11/11/2020,3,7,60,2660,132,92
11/12/2020,3,7,75,3309,104,93
11/13/2020,3,7,87,2888,106,92
11/14/2020,3,7,75,3228,115,92
11/15/2020,3,7,78,2847,107,94
11/16/2020,3,7,48,2788,112,94
11/17/2020,3,7,73,3146,135,94
11/18/2020,3,7,61,3285,125,97
11/19/2020,3,7,77,3050,130,96
11/20/2020,3,7,84,2880,133,91
11/21/2020,3,7,81,2837,130,91
11/22/2020,3,7,76,2774,132,91
11/23/2020,3,7,68,2530,117,91
11/24/2020,3,7,63,3187,138,97
11/25/2020,3,7,67,2983,121,92
11/26/2020,3,7,65,3365,104,94
11/27/2020,3,7,73,2608,116,98
11/28/2020,3,7,76,2937,120,98
11/29/2020,3,7,83,3193,118,95
11/30/2020,3,7,66,3199,115,95
12/1/2020,3,7,52,3201,108,92
12/2/2020,3,7,42,2548,131,98
12/3/2020,3,7,50,3386,114,96
12/4/2020,3,7,63,3492,112,97
12/5/2020,3,7,59,3290,104,93
12/6/2020,3,7,64,3048,128,91
12/7/2020,3,7,38,2719,115,96
12/8/2020,3,7,44,3256,138,95
12/9/2020,3,7,41,2970,138,96
12/10/2020,3,7,51,2771,101,94
12/11/2020,3,7,57,2571,137,97
12/12/2020,3,7,52,3482,107,96
12/13/2020,3,7,59,3319,126,93
12/14/2020,3,7,46,3475,137,92
12/15/2020,3,7,50,2956,108,92
12/16/2020,3,7,51,2508,123,95
12/17/2020,3,7,50,3069,102,98
12/18/2020,3,7,55,3316,113,91
12/19/2020,3,7,36,2587,127,98
12/20/2020,3,7,64,2938,123,91
12/21/2020,3,7,40,2972,125,94
12/22/2020,3,7,51,2695,124,97
12/23/2020,3,7,40,3160,116,94
12/24/2020,3,7,45,2604,113,91
12/25/2020,3,7,51,3087,138,93
12/26/2020,3,7,59,2928,132,96
12/27/2020,3,7,49,3169,125,91
12/28/2020,3,7,31,3415,123,97
12/29/2020,3,7,45,3164,119,95
12/30/2020,3,7,50,2737,119,98
12/31/2020,3,7,40,2595,117,97
1/1/2021,3,7,57,2636,126,92
1/2/2021,3,7,56,3061,109,96
1/3/2021,3,7,52,2753,101,96
1/4/2021,3,7,37,3019,125,93
1/5/2021,3,7,39,3023,123,97
1/6/2021,3,7,50,2565,132,96
1/7/2021,3,7,45,2592,125,97
1/8/2021,3,7,60,3342,104,93
1/9/2021,3,7,63,3111,108,96
1/10/2021,3,7,66,3161,101,92
1/11/2021,3,7,32,3091,132,95
1/12/2021,3,7,51,3231,102,91
1/13/2021,3,7,50,3223,135,93
1/14/2021,3,7,47,2744,103,94
1/15/2021,3,7,45,2807,111,91
1/16/2021,3,7,51,2519,132,95
1/17/2021,3,7,54,3371,126,94
1/18/2021,3,7,26,3416,104,97
1/19/2021,3,7,48,2848,105,91
1/20/2021,3,7,49,2740,108,97
1/21/2021,3,7,59,3121,127,96
1/22/2021,3,7,61,2849,122,98
1/23/2021,3,7,59,3322,119,93
1/24/2021,3,7,61,3197,111,95
1/25/2021,3,7,36,2875,102,92
1/26/2021,3,7,43,3443,136,97
1/27/2021,3,7,35,2815,116,96
1/28/2021,3,7,52,2548,125,98
1/29/2021,3,7,50,3070,124,96
1/30/2021,3,7,50,2885,111,95
1/31/2021,3,7,53,3190,122,96
2/1/2021,3,7,51,2781,103,95
2/2/2021,3,7,57,3304,138,94
2/3/2021,3,7,53,3026,128,94
2/4/2021,3,7,56,2757,130,96
2/5/2021,3,7,64,2994,121,93
2/6/2021,3,7,69,2865,128,97
2/7/2021,3,7,46,3293,118,96
2/8/2021,3,7,46,3326,132,92
2/9/2021,3,7,47,2893,127,96
2/10/2021,3,7,39,2953,127,94
2/11/2021,3,7,52,3032,129,96
2/12/2021,3,7,52,2764,136,95
2/13/2021,3,7,51,3195,136,94
2/14/2021,3,7,70,3286,134,98
2/15/2021,3,7,45,3345,122,96
2/16/2021,3,7,48,3352,105,97
2/17/2021,3,7,65,3191,118,92
2/18/2021,3,7,50,3444,113,97
2/19/2021,3,7,54,2927,132,92
2/20/2021,3,7,59,3231,110,96
2/21/2021,3,7,73,2610,137,91
2/22/2021,3,7,48,2990,114,91
2/23/2021,3,7,59,3422,138,97
2/24/2021,3,7,50,2719,132,92
2/25/2021,3,7,62,3215,106,94
2/26/2021,3,7,72,2662,101,91
2/27/2021,3,7,73,3104,132,94
2/28/2021,3,7,60,2817,115,96
2/29/2021,3,7,47,3449,114,97
3/1/2021,3,7,62,2930,109,96
3/2/2021,3,7,50,2766,113,98
3/3/2021,3,7,73,2691,117,96
3/4/2021,3,7,63,2561,122,93
3/5/2021,3,7,69,2790,119,91
3/6/2021,3,7,69,3107,137,92
3/7/2021,3,7,45,2693,130,96
3/8/2021,3,7,50,2804,102,92
3/9/2021,3,7,60,3084,111,98
3/10/2021,3,7,69,2548,136,91
3/11/2021,3,7,68,2509,138,91
3/12/2021,3,7,82,2947,112,92
3/13/2021,3,7,84,3454,138,93
3/14/2021,3,7,60,2991,120,94
3/15/2021,3,7,55,2788,131,93
3/16/2021,3,7,51,2799,126,92
3/17/2021,3,7,58,2501,110,97
3/18/2021,3,7,72,3050,118,93
3/19/2021,3,7,65,2574,133,91
3/20/2021,3,7,69,2886,109,98
3/21/2021,3,7,56,2834,131,97
3/22/2021,3,7,69,3487,130,93
3/23/2021,3,7,64,2846,117,97
3/24/2021,3,7,78,3201,126,92
3/25/2021,3,7,76,3078,130,91
3/26/2021,3,7,73,3297,112,94
3/27/2021,3,7,78,3229,107,92
3/28/2021,3,7,41,2585,105,96
3/29/2021,3,7,72,3089,131,98
3/30/2021,3,7,60,3224,128,96
3/31/2021,3,7,63,2667,127,97
4/1/2021,3,7,89,3463,115,98
4/2/2021,3,7,89,3037,129,96
4/3/2021,3,7,80,2804,117,98
4/4/2021,3,7,49,2596,105,91
4/5/2021,3,7,75,3274,124,93
4/6/2021,3,7,79,2583,113,91
4/7/2021,3,7,79,3123,111,94
4/8/2021,3,7,84,2690,136,96
4/9/2021,3,7,93,2640,122,93
4/10/2021,3,7,88,3466,134,91
4/11/2021,3,7,72,3125,102,96
4/12/2021,3,7,67,3033,103,97
4/13/2021,3,7,78,3469,109,95
4/14/2021,3,7,84,2582,137,91
4/15/2021,3,7,75,2549,116,92
4/16/2021,3,7,75,2645,137,93
4/17/2021,3,7,85,3383,135,92
4/18/2021,3,7,58,2624,122,98
4/19/2021,3,7,77,3136,120,91
4/20/2021,3,7,81,3442,105,95
4/21/2021,3,7,67,2882,120,95
4/22/2021,3,7,83,2505,130,92
4/23/2021,3,7,84,3008,134,91
4/24/2021,3,7,97,3344,126,98
4/25/2021,3,7,74,2557,101,92
4/26/2021,3,7,68,3056,135,93
4/27/2021,3,7,60,2529,103,91
4/28/2021,3,7,70,2795,112,93
4/29/2021,3,7,97,2752,108,93
4/30/2021,3,7,84,2802,110,97
5/1/2021,3,7,115,2529,108,96
5/2/2021,3,7,63,2881,127,94
5/3/2021,3,7,71,3393,112,98
5/4/2021,3,7,67,3331,125,97
5/5/2021,3,7,89,2599,101,98
5/6/2021,3,7,88,2632,130,91
5/7/2021,3,7,106,3356,120,98
5/8/2021,3,7,79,2929,120,92
5/9/2021,3,7,61,2517,109,95
5/10/2021,3,7,80,3306,120,93
5/11/2021,3,7,73,3197,122,93
5/12/2021,3,7,91,3465,115,95
5/13/2021,3,7,111,3306,137,95
5/14/2021,3,7,84,2626,116,97
5/15/2021,3,7,102,2953,129,91
5/16/2021,3,7,49,3129,119,98
5/17/2021,3,7,73,3287,111,92
5/18/2021,3,7,77,2743,131,97
5/19/2021,3,7,77,2535,121,95
5/20/2021,3,7,91,2513,121,98
5/21/2021,3,7,78,2830,137,92
5/22/2021,3,7,102,3474,113,91
5/23/2021,3,7,61,3142,130,97
5/24/2021,3,7,62,2881,112,95
5/25/2021,3,7,80,3459,127,92
5/26/2021,3,7,85,3297,124,96
5/27/2021,3,7,99,3390,109,95
5/28/2021,3,7,97,3421,104,96
5/29/2021,3,7,90,3394,136,93
5/30/2021,3,7,65,2724,106,96
5/31/2021,3,7,73,2568,131,93
6/1/2021,3,7,75,3471,116,95
6/2/2021,3,7,91,3052,103,92
6/3/2021,3,7,96,3128,106,91
6/4/2021,3,7,98,2897,127,98
6/5/2021,3,7,100,2976,127,94
6/6/2021,3,7,57,3268,117,92
6/7/2021,3,7,94,3049,105,95
6/8/2021,3,7,84,2815,122,94
6/9/2021,3,7,98,3230,117,92
6/10/2021,3,7,112,3266,118,91
6/11/2021,3,7,86,3308,106,92
6/12/2021,3,7,107,2717,126,92
6/13/2021,3,7,70,2694,119,95
6/14/2021,3,7,68,3400,106,98
6/15/2021,3,7,85,3395,121,93
6/16/2021,3,7,88,2819,119,91
6/17/2021,3,7,90,2584,133,96
6/18/2021,3,7,99,3333,108,94
6/19/2021,3,7,101,3155,111,93
6/20/2021,3,7,77,2777,138,91
6/21/2021,3,7,86,2714,105,94
6/22/2021,3,7,85,2959,134,98
6/23/2021,3,7,89,3130,101,92
6/24/2021,3,7,88,2692,135,94
6/25/2021,3,7,86,3319,106,95
6/26/2021,3,7,110,2954,119,97
6/27/2021,3,7,67,2640,113,98
6/28/2021,3,7,85,2622,135,94
6/29/2021,3,7,96,3319,119,94
6/30/2021,3,7,90,2598,103,96
7/1/2021,3,7,86,3440,110,97
7/2/2021,3,7,94,2551,107,93
7/3/2021,3,7,93,3206,136,92
7/4/2021,3,7,66,3368,102,98
7/5/2021,3,7,78,3011,114,98
7/6/2021,3,7,87,3126,127,91
7/7/2021,3,7,97,2533,102,94
7/8/2021,3,7,102,2991,134,92
7/9/2021,3,7,92,3470,118,96
7/10/2021,3,7,107,2839,108,93
7/11/2021,3,7,70,2939,130,96
7/12/2021,3,7,91,3380,138,93
7/13/2021,3,7,84,2958,108,95
7/14/2021,3,7,113,3036,128,93
7/15/2021,3,7,110,2797,127,92
7/16/2021,3,7,88,3381,108,96
7/17/2021,3,7,117,3054,137,91
7/18/2021,3,7,67,3036,129,93
7/19/2021,3,7,80,3481,111,97
7/20/2021,3,7,81,2682,107,95
7/21/2021,3,7,93,2996,135,96
7/22/2021,3,7,109,3302,122,96
7/23/2021,3,7,109,2843,110,95
7/24/2021,3,7,103,2512,138,91
7/25/2021,3,7,78,2662,131,93
7/26/2021,3,7,75,3212,126,95
7/27/2021,3,7,76,2563,127,94
7/28/2021,3,7,94,3421,134,93
7/29/2021,3,7,107,2654,115,93
7/30/2021,3,7,123,2538,134,95
7/31/2021,3,7,113,3112,128,96
8/1/2021,3,7,57,2870,134,93
8/2/2021,3,7,79,2933,102,92
8/3/2021,3,7,70,3001,111,98
8/4/2021,3,7,81,2811,132,93
8/5/2021,3,7,83,3187,105,93
8/6/2021,3,7,87,3020,117,96
8/7/2021,3,7,117,3347,112,95
8/8/2021,3,7,70,2901,128,92
8/9/2021,3,7,78,2674,108,94
8/10/2021,3,7,85,3432,116,98
8/11/2021,3,7,79,3209,120,96
8/12/2021,3,7,85,3376,132,95
8/13/2021,3,7,117,2542,130,93
8/14/2021,3,7,111,3222,105,93
8/15/2021,3,7,59,2772,130,91
8/16/2021,3,7,89,3448,136,91
8/17/2021,3,7,72,3174,113,98
8/18/2021,3,7,57,2909,106,91
8/19/2021,3,7,94,2622,111,93
8/20/2021,3,7,97,2801,127,95
8/21/2021,3,7,93,3218,117,97
8/22/2021,3,7,69,2981,113,98
8/23/2021,3,7,93,2892,101,95
8/24/2021,3,7,81,2516,101,92
8/25/2021,3,7,77,2709,126,93
8/26/2021,3,7,86,2554,116,95
8/27/2021,3,7,80,3266,119,91
8/28/2021,3,7,107,3011,118,96
8/29/2021,3,7,78,2942,124,95
8/30/2021,3,7,73,2816,128,96
8/31/2021,3,7,72,2645,106,97
9/1/2021,3,7,78,2840,128,96
9/2/2021,3,7,66,2596,136,95
9/3/2021,3,7,78,3065,113,93
9/4/2021,3,7,84,3274,137,94
9/5/2021,3,7,61,2678,111,97
9/6/2021,3,7,80,3439,108,98
9/7/2021,3,7,60,2753,136,98
9/8/2021,3,7,73,3228,110,92
9/9/2021,3,7,82,3373,126,97
9/10/2021,3,7,81,2829,135,95
9/11/2021,3,7,83,3401,122,96
9/12/2021,3,7,62,3213,105,95
9/13/2021,3,7,75,2681,108,95
9/14/2021,3,7,63,2896,108,93
9/15/2021,3,7,62,3000,126,97
9/16/2021,3,7,87,3154,137,95
9/17/2021,3,7,105,3400,110,91
9/18/2021,3,7,96,3204,127,95
9/19/2021,3,7,61,3415,110,95
9/20/2021,3,7,73,2686,134,93
9/21/2021,3,7,72,3417,122,95
9/22/2021,3,7,78,3396,108,94
9/23/2021,3,7,69,3035,120,97
9/24/2021,3,7,90,2993,134,96
9/25/2021,3,7,108,3372,115,93
9/26/2021,3,7,53,3031,116,98
9/27/2021,3,7,53,2923,114,91
9/28/2021,3,7,61,3250,103,95
9/29/2021,3,7,83,2683,114,96
9/30/2021,3,7,78,2620,110,98
10/1/2021,3,7,71,3352,138,97
10/2/2021,3,7,73,2799,118,93
10/3/2021,3,7,56,2823,118,96
10/4/2021,3,7,62,2906,109,96
10/5/2021,3,7,72,2952,105,97
10/6/2021,3,7,59,2556,129,93
10/7/2021,3,7,77,3290,101,97
10/8/2021,3,7,78,2857,102,98
10/9/2021,3,7,92,3396,110,91
10/10/2021,3,7,65,2693,117,97
10/11/2021,3,7,74,2668,108,92
10/12/2021,3,7,50,3104,123,98
10/13/2021,3,7,72,3318,120,95
10/14/2021,3,7,71,3134,104,94
10/15/2021,3,7,67,3438,107,95
10/16/2021,3,7,85,2580,110,91
10/17/2021,3,7,59,3036,117,93
10/18/2021,3,7,74,3163,106,96
10/19/2021,3,7,54,2625,101,92
10/20/2021,3,7,72,3184,103,95
10/21/2021,3,7,80,2794,125,97
10/22/2021,3,7,76,3412,106,98
10/23/2021,3,7,81,3245,136,93
10/24/2021,3,7,61,3112,107,93
10/25/2021,3,7,66,3286,102,98
10/26/2021,3,7,69,2799,136,91
10/27/2021,3,7,74,2853,118,94
10/28/2021,3,7,89,3423,126,97
10/29/2021,3,7,90,3234,124,96
10/30/2021,3,7,87,2557,113,92
10/31/2021,3,7,53,2766,106,94
11/1/2021,3,7,72,3051,128,97
11/2/2021,3,7,63,3112,111,97
11/3/2021,3,7,85,2545,125,94
11/4/2021,3,7,80,3320,115,91
11/5/2021,3,7,88,3157,118,96
11/6/2021,3,7,93,2937,103,96
11/7/2021,3,7,56,2973,110,94
11/8/2021,3,7,63,2607,135,97
11/9/2021,3,7,66,2980,116,98
11/10/2021,3,7,75,3485,113,93
11/11/2021,3,7,104,3182,102,91
11/12/2021,3,7,78,2762,117,97
11/13/2021,3,7,108,3310,122,95
11/14/2021,3,7,62,3419,127,98
11/15/2021,3,7,77,3377,124,91
11/16/2021,3,7,64,3064,108,98
11/17/2021,3,7,80,3451,123,97
11/18/2021,3,7,90,3020,102,97
11/19/2021,3,7,83,2752,128,92
11/20/2021,3,7,88,2963,137,98
11/21/2021,3,7,54,3287,137,96
11/22/2021,3,7,77,2630,128,97
11/23/2021,3,7,69,2801,136,94
11/24/2021,3,7,73,2877,134,98
11/25/2021,3,7,89,2911,138,98
11/26/2021,3,7,74,2769,121,93
11/27/2021,3,7,93,2515,114,97
11/28/2021,3,7,65,3233,103,96
11/29/2021,3,7,71,2790,122,95
11/30/2021,3,7,65,2691,124,91
12/1/2021,3,7,43,2745,121,95
12/2/2021,3,7,67,2561,131,95
12/3/2021,3,7,49,3156,138,94
12/4/2021,3,7,60,3081,125,97
12/5/2021,3,7,53,3244,128,92
12/6/2021,3,7,56,3438,114,93
12/7/2021,3,7,51,2675,125,95
12/8/2021,3,7,62,2797,112,97
12/9/2021,3,7,52,3369,135,94
12/10/2021,3,7,60,2525,133,96
12/11/2021,3,7,56,3089,111,94
12/12/2021,3,7,57,3420,127,91
12/13/2021,3,7,54,3402,123,98
12/14/2021,3,7,47,3019,119,92
12/15/2021,3,7,64,3394,132,98
12/16/2021,3,7,64,2752,106,92
12/17/2021,3,7,58,2837,112,91
12/18/2021,3,7,59,2610,138,97
12/19/2021,3,7,40,3012,128,93
12/20/2021,3,7,51,3176,124,91
12/21/2021,3,7,47,3000,132,96
12/22/2021,3,7,55,3441,125,92
12/23/2021,3,7,60,3097,117,93
12/24/2021,3,7,66,3356,134,91
12/25/2021,3,7,63,3279,138,98
12/26/2021,3,7,43,2570,131,91
12/27/2021,3,7,45,2626,128,95
12/28/2021,3,7,42,2746,115,91
12/29/2021,3,7,54,3239,119,91
12/30/2021,3,7,52,2941,117,92
12/31/2021,3,7,52,2702,119,95
1/1/2022,3,7,49,2613,111,95
1/2/2022,3,7,45,3420,130,95
1/3/2022,3,7,43,2757,121,92
1/4/2022,3,7,38,3131,101,94
1/5/2022,3,7,50,3030,124,98
1/6/2022,3,7,55,3108,121,93
1/7/2022,3,7,62,3048,110,91
1/8/2022,3,7,73,2767,111,93
1/9/2022,3,7,44,2506,135,92
1/10/2022,3,7,51,3218,103,92
1/11/2022,3,7,54,2808,102,93
1/12/2022,3,7,55,2569,129,91
1/13/2022,3,7,61,2854,122,95
1/14/2022,3,7,56,2612,127,96
1/15/2022,3,7,50,3035,129,94
1/16/2022,3,7,49,3209,138,96
1/17/2022,3,7,44,3455,122,93
1/18/2022,3,7,45,2591,136,96
1/19/2022,3,7,56,3228,120,95
1/20/2022,3,7,56,3090,127,92
1/21/2022,3,7,67,3012,138,93
1/22/2022,3,7,65,2978,138,98
1/23/2022,3,7,44,2527,113,94
1/24/2022,3,7,51,2978,132,91
1/25/2022,3,7,33,3379,136,91
1/26/2022,3,7,40,3332,118,94
1/27/2022,3,7,56,2838,104,97
1/28/2022,3,7,64,3019,103,97
1/29/2022,3,7,59,3390,108,92
1/30/2022,3,7,41,3216,118,91
1/31/2022,3,7,36,3200,135,93
2/1/2022,3,7,43,3354,101,96
2/2/2022,3,7,49,2502,131,91
2/3/2022,3,7,60,2907,115,93
2/4/2022,3,7,66,2753,122,93
2/5/2022,3,7,55,2981,106,91
2/6/2022,3,7,40,3476,119,95
2/7/2022,3,7,55,2574,109,93
2/8/2022,3,7,47,2723,126,94
2/9/2022,3,7,55,2689,138,92
2/10/2022,3,7,55,3339,138,94
2/11/2022,3,7,59,3066,134,97
2/12/2022,3,7,73,3110,129,91
2/13/2022,3,7,43,3314,133,98
2/14/2022,3,7,53,3157,107,98
2/15/2022,3,7,53,3232,114,98
2/16/2022,3,7,54,2621,115,93
2/17/2022,3,7,53,2937,110,95
2/18/2022,3,7,65,3076,132,95
2/19/2022,3,7,77,3425,107,96
2/20/2022,3,7,45,2977,127,98
2/21/2022,3,7,57,3245,106,98
2/22/2022,3,7,53,3157,117,96
2/23/2022,3,7,64,2610,136,91
2/24/2022,3,7,40,3011,115,94
2/25/2022,3,7,66,3403,107,94
2/26/2022,3,7,69,3285,111,96
2/27/2022,3,7,42,3357,128,94
2/28/2022,3,7,65,3120,111,94
3/1/2022,3,7,72,3314,136,91
3/2/2022,3,7,77,3006,116,98
3/3/2022,3,7,78,3025,137,93
3/4/2022,3,7,85,3001,105,98
3/5/2022,3,7,77,3099,121,97
3/6/2022,3,7,57,2962,113,91
3/7/2022,3,7,64,2789,101,92
3/8/2022,3,7,78,3271,106,97
3/9/2022,3,7,62,2820,128,98
3/10/2022,3,7,78,2744,105,97
3/11/2022,3,7,67,2958,136,92
3/12/2022,3,7,97,3262,105,96
3/13/2022,3,7,57,2521,129,92
3/14/2022,3,7,79,2694,124,97
3/15/2022,3,7,71,3402,115,95
3/16/2022,3,7,75,2690,123,92
3/17/2022,3,7,71,2795,128,95
3/18/2022,3,7,69,3143,114,96
3/19/2022,3,7,83,2969,133,93
3/20/2022,3,7,61,3184,113,97
3/21/2022,3,7,60,2698,121,96
3/22/2022,3,7,65,2524,109,97
3/23/2022,3,7,54,2979,122,94
3/24/2022,3,7,66,3375,110,96
3/25/2022,3,7,72,2550,112,93
3/26/2022,3,7,79,3290,110,91
3/27/2022,3,7,67,2565,124,96
3/28/2022,3,7,69,2999,126,91
3/29/2022,3,7,76,3281,133,95
3/30/2022,3,7,59,2836,111,92
3/31/2022,3,7,66,3269,137,95
4/1/2022,3,7,85,2815,124,91
4/2/2022,3,7,74,3498,118,92
4/3/2022,3,7,62,2703,115,96
4/4/2022,3,7,73,2549,115,96
4/5/2022,3,7,77,2531,137,93
4/6/2022,3,7,72,2517,106,95
4/7/2022,3,7,75,3081,130,98
4/8/2022,3,7,94,2964,119,98
4/9/2022,3,7,87,2933,133,93
4/10/2022,3,7,61,3214,129,93
4/11/2022,3,7,69,2512,106,94
4/12/2022,3,7,70,2761,133,96
4/13/2022,3,7,82,3318,120,93
4/14/2022,3,7,90,3340,136,98
4/15/2022,3,7,96,2678,128,94
4/16/2022,3,7,95,3041,107,91
4/17/2022,3,7,67,3144,136,98
4/18/2022,3,7,71,3388,120,98
4/19/2022,3,7,64,3360,112,92
4/20/2022,3,7,89,2777,102,95
4/21/2022,3,7,92,2785,114,97
4/22/2022,3,7,78,3090,131,95
4/23/2022,3,7,89,3401,103,98
4/24/2022,3,7,60,3006,104,91
4/25/2022,3,7,77,3486,119,92
4/26/2022,3,7,72,2866,132,98
4/27/2022,3,7,95,2529,117,96
4/28/2022,3,7,89,3391,129,92
4/29/2022,3,7,91,3005,125,91
4/30/2022,3,7,123,3455,118,93
5/1/2022,3,7,61,3214,105,94
5/2/2022,3,7,86,3068,112,98
5/3/2022,3,7,73,2739,115,93
5/4/2022,3,7,87,3050,135,91
5/5/2022,3,7,87,3337,117,96
5/6/2022,3,7,90,3117,131,94
5/7/2022,3,7,82,3073,128,96
5/8/2022,3,7,68,2682,136,93
5/9/2022,3,7,89,3354,126,95
5/10/2022,3,7,92,3044,110,97
5/11/2022,3,7,90,3087,102,92
5/12/2022,3,7,90,2720,121,98
5/13/2022,3,7,108,3482,120,98
5/14/2022,3,7,93,2885,123,98
5/15/2022,3,7,53,2549,133,92
5/16/2022,3,7,81,2899,134,98
5/17/2022,3,7,93,2552,131,95
5/18/2022,3,7,84,2967,114,94
5/19/2022,3,7,105,2664,137,96
5/20/2022,3,7,88,3450,106,95
5/21/2022,3,7,107,2536,112,97
5/22/2022,3,7,78,3035,105,97
5/23/2022,3,7,68,3239,135,98
5/24/2022,3,7,85,2930,121,93
5/25/2022,3,7,91,2761,127,96
5/26/2022,3,7,90,2698,134,94
5/27/2022,3,7,98,3281,135,97
5/28/2022,3,7,94,2628,136,98
5/29/2022,3,7,48,3019,131,95
5/30/2022,3,7,72,3059,138,92
5/31/2022,3,7,67,2516,108,91
6/1/2022,3,7,91,2852,119,94
6/2/2022,3,7,100,2823,128,98
6/3/2022,3,7,106,3456,121,96
6/4/2022,3,7,116,3108,113,98
6/5/2022,3,7,71,3061,122,97
6/6/2022,3,7,98,2921,135,93
6/7/2022,3,7,88,2761,129,94
6/8/2022,3,7,87,3409,137,97
6/9/2022,3,7,90,2694,119,92
6/10/2022,3,7,99,2868,123,91
6/11/2022,3,7,111,2625,106,94
6/12/2022,3,7,65,2725,124,93
6/13/2022,3,7,79,2680,131,97
6/14/2022,3,7,81,3036,133,96
6/15/2022,3,7,79,3270,124,95
6/16/2022,3,7,108,3120,132,95
6/17/2022,3,7,99,2764,117,97
6/18/2022,3,7,113,3319,119,95
6/19/2022,3,7,70,3211,114,91
6/20/2022,3,7,69,2513,117,91
6/21/2022,3,7,90,2687,130,92
6/22/2022,3,7,96,3381,119,93
6/23/2022,3,7,86,3312,131,92
6/24/2022,3,7,105,2748,127,93
6/25/2022,3,7,114,2552,119,91
6/26/2022,3,7,76,3014,127,98
6/27/2022,3,7,72,2807,128,94
6/28/2022,3,7,70,3101,119,93
6/29/2022,3,7,94,3146,126,98
6/30/2022,3,7,87,2596,125,95
7/1/2022,3,7,115,3478,129,96
7/2/2022,3,7,121,3011,130,93
7/3/2022,3,7,72,2577,130,91
7/4/2022,3,7,96,2823,109,92
7/5/2022,3,7,87,3489,137,96
7/6/2022,3,7,82,3086,116,93
7/7/2022,3,7,87,3073,125,96
7/8/2022,3,7,110,3082,120,96
7/9/2022,3,7,114,2666,125,93
7/10/2022,3,7,67,2569,106,91
7/11/2022,3,7,83,3100,132,95
7/12/2022,3,7,86,2820,133,93
7/13/2022,3,7,104,2815,136,95
7/14/2022,3,7,90,3225,101,96
7/15/2022,3,7,111,3086,135,97
7/16/2022,3,7,118,3422,108,92
7/17/2022,3,7,72,2922,101,91
7/18/2022,3,7,92,2631,138,94
7/19/2022,3,7,91,3299,112,98
7/20/2022,3,7,113,3139,111,98
7/21/2022,3,7,88,2833,121,98
7/22/2022,3,7,112,2861,114,95
7/23/2022,3,7,120,3381,115,92
7/24/2022,3,7,66,3101,111,96
7/25/2022,3,7,95,3401,112,94
7/26/2022,3,7,74,3182,136,91
7/27/2022,3,7,100,2677,111,91
7/28/2022,3,7,101,3014,118,95
7/29/2022,3,7,115,2706,110,91
7/30/2022,3,7,115,2709,112,92
7/31/2022,3,7,96,2870,117,94
8/1/2022,3,7,96,3472,110,96
8/2/2022,3,7,73,2846,128,93
8/3/2022,3,7,90,2952,117,92
8/4/2022,3,7,103,3166,109,92
8/5/2022,3,7,88,2993,120,92
8/6/2022,3,7,102,3235,125,96
8/7/2022,3,7,68,3040,135,98
8/8/2022,3,7,82,2719,114,98
8/9/2022,3,7,92,2899,138,98
8/10/2022,3,7,72,3434,132,91
8/11/2022,3,7,86,2624,127,92
8/12/2022,3,7,78,2581,111,97
8/13/2022,3,7,100,2756,123,97
8/14/2022,3,7,61,3428,124,96
8/15/2022,3,7,78,3048,114,92
8/16/2022,3,7,84,2626,110,93
8/17/2022,3,7,85,3354,109,97
8/18/2022,3,7,75,2658,134,93
8/19/2022,3,7,94,2607,133,93
8/20/2022,3,7,94,3193,115,93
8/21/2022,3,7,60,2812,106,94
8/22/2022,3,7,83,3080,137,93
8/23/2022,3,7,100,2587,115,92
8/24/2022,3,7,82,3454,104,97
8/25/2022,3,7,89,2989,114,97
8/26/2022,3,7,98,2590,108,97
8/27/2022,3,7,95,3332,138,93
8/28/2022,3,7,66,3304,134,95
8/29/2022,3,7,73,3356,133,91
8/30/2022,3,7,75,2998,132,98
8/31/2022,3,7,79,2862,121,94
9/1/2022,3,7,83,3138,104,93
9/2/2022,3,7,96,3460,115,91
9/3/2022,3,7,109,3102,118,98
9/4/2022,3,7,59,3318,108,91
9/5/2022,3,7,68,3359,106,97
9/6/2022,3,7,75,3299,127,97
9/7/2022,3,7,80,3168,129,95
9/8/2022,3,7,89,3360,125,92
9/9/2022,3,7,87,2779,130,94
9/10/2022,3,7,98,2810,130,95
9/11/2022,3,7,61,3212,115,95
9/12/2022,3,7,68,3050,137,98
9/13/2022,3,7,66,2861,130,92
9/14/2022,3,7,90,3450,107,91
9/15/2022,3,7,83,3319,102,91
9/16/2022,3,7,90,3384,103,92
9/17/2022,3,7,102,2768,110,97
9/18/2022,3,7,52,2643,105,94
9/19/2022,3,7,60,2795,132,91
9/20/2022,3,7,71,3240,122,97
9/21/2022,3,7,78,2684,127,97
9/22/2022,3,7,75,2807,113,98
9/23/2022,3,7,90,3091,123,96
9/24/2022,3,7,91,2534,108,94
9/25/2022,3,7,52,2922,116,92
9/26/2022,3,7,59,2637,117,97
9/27/2022,3,7,75,2851,125,98
9/28/2022,3,7,76,3209,111,95
9/29/2022,3,7,85,2693,129,97
9/30/2022,3,7,81,3053,117,96
10/1/2022,3,7,70,2580,130,92
10/2/2022,3,7,67,3492,118,98
10/3/2022,3,7,64,3063,119,96
10/4/2022,3,7,63,3023,104,98
10/5/2022,3,7,74,3000,102,93
10/6/2022,3,7,81,3099,110,93
10/7/2022,3,7,89,3406,109,95
10/8/2022,3,7,86,3363,114,96
10/9/2022,3,7,56,2518,115,95
10/10/2022,3,7,55,2792,119,98
10/11/2022,3,7,76,2940,119,96
10/12/2022,3,7,68,3224,124,92
10/13/2022,3,7,89,3205,134,91
10/14/2022,3,7,81,2522,106,92
10/15/2022,3,7,84,2976,122,98
10/16/2022,3,7,73,2746,120,98
10/17/2022,3,7,71,2516,109,93
10/18/2022,3,7,62,2612,107,91
10/19/2022,3,7,70,3227,119,92
10/20/2022,3,7,85,3344,129,91
10/21/2022,3,7,106,2537,105,93
10/22/2022,3,7,90,3194,125,93
10/23/2022,3,7,48,2783,111,91
10/24/2022,3,7,74,3316,111,97
10/25/2022,3,7,60,2780,117,94
10/26/2022,3,7,70,3359,105,92
10/27/2022,3,7,70,3126,119,98
10/28/2022,3,7,72,3421,103,97
10/29/2022,3,7,79,3457,134,97
10/30/2022,3,7,66,2893,121,97
10/31/2022,3,7,83,3442,128,93
11/1/2022,3,7,61,2700,116,91
11/2/2022,3,7,64,3214,111,92
11/3/2022,3,7,86,3121,138,94
11/4/2022,3,7,77,3038,124,95
11/5/2022,3,7,88,2760,132,92
11/6/2022,3,7,62,3135,119,93
11/7/2022,3,7,68,2598,110,97
11/8/2022,3,7,80,2874,106,96
11/9/2022,3,7,88,2892,104,93
11/10/2022,3,7,79,3491,117,95
11/11/2022,3,7,90,2824,108,94
11/12/2022,3,7,97,2834,123,95
11/13/2022,3,7,70,3228,114,97
11/14/2022,3,7,76,3052,126,94
11/15/2022,3,7,78,2836,125,96
11/16/2022,3,7,71,3191,131,94
11/17/2022,3,7,93,2662,110,96
11/18/2022,3,7,94,3339,110,91
11/19/2022,3,7,92,3402,121,92
11/20/2022,3,7,71,2826,104,95
11/21/2022,3,7,65,3050,108,95
11/22/2022,3,7,79,2504,135,96
11/23/2022,3,7,73,3125,109,94
11/24/2022,3,7,85,3249,116,96
11/25/2022,3,7,96,2759,122,95
11/26/2022,3,7,95,3374,109,97
11/27/2022,3,7,70,2723,101,94
11/28/2022,3,7,68,3329,103,94
11/29/2022,3,7,62,2949,136,92
11/30/2022,3,7,88,3108,113,91
12/1/2022,3,7,56,3053,124,94
12/2/2022,3,7,52,3232,110,93
12/3/2022,3,7,65,3185,122,91
12/4/2022,3,7,46,2534,101,94
12/5/2022,3,7,45,3424,108,95
12/6/2022,3,7,50,3250,135,93
12/7/2022,3,7,64,3057,107,92
12/8/2022,3,7,54,2946,117,92
12/9/2022,3,7,61,3103,138,96
12/10/2022,3,7,74,2733,128,92
12/11/2022,3,7,45,2970,111,94
12/12/2022,3,7,55,3188,102,94
12/13/2022,3,7,50,2894,110,92
12/14/2022,3,7,68,3281,111,98
12/15/2022,3,7,67,3025,117,95
12/16/2022,3,7,62,2881,137,97
12/17/2022,3,7,63,2988,118,92
12/18/2022,3,7,45,2843,114,93
12/19/2022,3,7,47,3487,103,97
12/20/2022,3,7,60,2620,123,94
12/21/2022,3,7,54,3452,105,91
12/22/2022,3,7,64,3024,105,94
12/23/2022,3,7,59,2534,138,92
12/24/2022,3,7,81,2547,128,93
12/25/2022,3,7,46,3393,137,91
12/26/2022,3,7,57,3414,110,95
12/27/2022,3,7,53,3339,107,92
12/28/2022,3,7,53,2519,106,93
12/29/2022,3,7,51,3310,113,97
12/30/2022,3,7,61,2641,110,98
12/31/2022,3,7,73,3334,109,96
